3534 5392
866 399 1081 530 ..μ’-

422 628 494 695 καλ
527 627 572 695 cd
608 627 855 715 παραλέξαι
885 633 1029 712 μῦθον
1065 625 1436 715 παραμβλένσντα
1470 624 1552 691 καὶ

418 733 583 824 ’ψυχρὸν
608 731 649 799 ἐν
672 727 770 819 οἴνῳ
793 733 1019 821 συμφέρει,
1051 735 1122 810 πῶς
1145 727 1278 819 αἰσχρὸν
1301 729 1408 797 εἰπεῖν
1427 749 1460 795 ει
1487 726 1554 794 καὶ

424 831 564 904 οἰκοῦσαι
590 835 638 914 εἷς
659 833 835 914 συνουσίας
861 839 978 924 χρῆσιν
999 830 1179 924 ὠφελίμως
1201 831 1387 919 λεγόμενον.
1432 833 1470 896 Iu
1493 830 1554 895 his

419 957 500 1022 qnae
524 939 606 1003 nihil
626 934 713 1003 aliud
729 938 838 1003 volunt
856 959 951 1022 quam
967 938 1177 1004 Horatianum
1204 937 1325 1002 dulce
1348 955 1438 1002 esse
1460 935 1550 1000 ali·

421 1040 581 1127 quando
612 1040 802 1126 desipere
834 1044 875 1107 in
912 1043 1014 1122 loco,
1046 1044 1140 1127 plura
1168 1049 1243 1108 sunt
1269 1064 1351 1127 quae
1379 1042 1554 1107 adtentum

418 1143 567 1208 lectorem
594 1143 768 1209 advertant.
815 1143 861 1207 Ae
890 1143 1027 1225 primum
1057 1142 1186 1227 quidem
1216 1141 1302 1207 hand
1332 1140 1426 1207 dubie
1454 1146 1550 1206 recte

421 1243 647 1333 παραλέξαι
663 1266 702 1310 ex
717 1243 859 1310 codicum
873 1244 967 1326 longe
981 1244 1190 1327 plurimorum
1205 1243 1341 1309 lectione
1360 1240 1553 1330 παραλέξαι

419 1353 592 1414 correctum
608 1353 656 1414 est
672 1366 730 1431 pro
747 1368 785 1414 eo
802 1346 886 1432 quod
907 1349 974 1412 sine
990 1367 1082 1412 sensu
1099 1347 1299 1412 scribebatur
1316 1341 1550 1434 παραλλάξαι.

419 1450 530 1520 Altera
551 1453 681 1519 offensio
702 1458 772 1518 erat
791 1453 826 1517 in
847 1452 1000 1517 vocabulo
1028 1448 1324 1540 παραμβλύνοντα,
1355 1451 1443 1515 cuius
1464 1450 1549 1524 loco,

371 1627 375 1634 ,
420 1573 492 1622 cum
512 1557 554 1622 ad
571 1557 794 1622 conectendam
809 1558 983 1621 orationem
998 1554 1118 1640 aliquid
1132 1553 1373 1631 desideraretur,
1394 1553 1546 1638 Wytten·

417 1657 549 1723 bachius
570 1658 734 1741 proposuit
755 1654 912 1744 καίπερ
936 1651 1098 1740 ἀμβλὺν
1127 1650 1230 1722 dcco
1260 1658 1330 1722 καὶ
1362 1649 1546 1744 ψυχρόν,

418 1762 590 1846 inquibus
624 1761 701 1846 quid
729 1764 763 1827 in
791 1762 910 1828 taline
939 1763 1000 1828 sibi
1027 1762 1103 1828 velit
1124 1759 1248 1851 καίπερ
1280 1767 1314 1828 et
1335 1782 1399 1844 qua
1420 1759 1543 1844 signifi-

418 1869 541 1934 catione
568 1870 705 1951 positum
734 1870 788 1948 sit,
819 1890 878 1953 ego
904 1891 954 1933 me
982 1890 1045 1933 non
1075 1869 1207 1952 adsequi
1237 1867 1347 1934 fateor.
1379 1855 1545 1950 'nemque

416 1973 589 2053 permirum
611 1977 660 2038 est
680 1974 850 2051 nerninem,
880 1977 1105 2056 praeterquam
1126 1993 1224 2036 unum
1246 1972 1462 2048 Meziriacum,
1485 1970 1544 2052 qni

415 2088 474 2156 pro
494 2072 529 2140 έν
544 2070 621 2160 οἴνῳ
639 2075 718 2139 miro
733 2075 891 2140 mehercle
908 2077 1051 2140 acumine
1068 2074 1290 2159 corrigendum
1305 2075 1405 2142 suasit
1422 2071 1541 2152 ἐνίοτε,

417 2179 583 2246 offendisse
604 2181 709 2245 verbis
735 2180 769 2245 έν
792 2176 886 2265 οἴνῳ,
919 2201 999 2264 quae
1021 2200 1117 2264 quam
1141 2183 1247 2264 inepte
1270 2182 1449 2247 adicientem
1468 2185 1544 2262 post

419 2282 553 2362 κύλικος
575 2285 803 2374 προκειμένης,
831 2286 929 2366 (onius
951 2286 1020 2352 loco
1042 2288 1134 2366 alias,
1158 2289 1213 2354 ubi
1233 2288 1320 2354 nulla
1342 2293 1413 2352 erat
1433 2287 1542 2352 hiatus

416 2389 554 2455 evitandi
581 2391 765 2469 necessitas,
795 2393 996 2475 praeoptavit
1027 2391 1152 2481 κρατὴρ
1183 2391 1217 2458 ἐν
1242 2393 1333 2479 μέσην
1363 2388 1541 2480 πρόκειται
1655 2453 1656 2462 ,

418 2488 516 2555 veluti
531 2488 635 2574 synp.
652 2490 680 2566 I,
705 2497 730 2567 1,
753 2497 772 2555 5
793 2509 824 2572 p.
847 2491 1045 2556 bleaoonl.
1066 2491 1144 2557 Mor.
1168 2513 1198 2574 p.
1221 2497 1280 2560 421
1296 2493 1341 2578 a),
1364 2491 1456 2576 quasi
1477 2505 1542 2556 non

416 2591 536 2659 arerent
553 2593 632 2660 haec
646 2594 723 2658 satis
739 2593 846 2659 facilia
861 2594 903 2660 ad
917 2595 1178 2681 intellegendum,
1199 2597 1252 2662 vix
1266 2617 1345 2679 opus
1360 2602 1410 2662 est
1422 2595 1535 2661 dicere.

413 2693 476 2762 Sed
491 2717 542 2762 res
556 2696 642 2761 salva
657 2701 721 2776 est,
742 2697 777 2760 in
790 2697 899 2779 paucis
913 2697 1116 2764 manifestum
1129 2699 1259 2764 rarioris
1274 2698 1423 2764 dictionis
1438 2699 1533 2764 inter-

413 2808 646 2884 pretamentum
658 2807 786 2868 tenetur
800 2804 995 2887 adscriptum
1010 2806 1051 2871 ad
1070 2801 1203 2882 κύλικος
1218 2807 1448 2892 προκειμένης,
1464 2827 1538 2872 mox
1656 2834 1657 2842 ν

416 2923 435 2970 e
455 2905 599 2989 margine
628 2905 735 2970 alieno
760 2906 829 2970 loco
855 2907 891 2970 in
917 2913 1099 2974 contextum
1124 2910 1351 2992 imperitissime
1373 2911 1536 2988 adscitum,
1656 2944 1657 2954 ν

413 3013 450 3072 ut
463 3013 567 3073 totum
579 3009 697 3087 locum,
720 3009 832 3091 putida
852 3016 1032 3093 praeterea,
1054 3017 1090 3076 ut
1111 3013 1231 3095 opinor,
1253 3013 1471 3098 dittographia
1485 3037 1534 3082 re·

412 3117 510 3190 mota,
532 3113 568 3176 in
584 3112 746 3178 Plutarchi
764 3135 890 3179 sensum
913 3115 1149 3181 convenientius
1166 3117 1367 3182 constituisse
1384 3117 1534 3182 arbitrer:

412 3211 545 3296 κύλικος
567 3218 604 3284 δέ
626 3218 847 3307 προκειμένης
869 3217 904 3283 ἐν
934 3217 1092 3306 συνήθεσι
1118 3219 1174 3285 καὶ
1195 3215 1323 3307 φίλοις,
1357 3215 1442 3285 ἔνθα
1467 3218 1536 3284 καὶ

336 3324 339 3328 ’
411 3319 458 3388 τὸ
488 3321 732 3410 παραλέξαι
762 3324 902 3403 μῦθον
935 3316 1099 3406 ἀμβλὺν
1131 3314 1232 3388 ὄντα
1264 3323 1334 3388 καὶ
1368 3323 1533 3411 ψυχρὸν

411 3424 472 3510 [έν
500 3422 619 3512 οἴνῳ]
648 3426 863 3511 συμφέρει
884 3426 953 3490 κιλ.
1009 3425 1163 3490 Similiter
1184 3424 1225 3490 ad
1248 3418 1393 3511 ι’ίκρατον
1417 3423 1533 3502 πίνειν,

306 3522 310 3532 '
414 3529 530 3617 φέρειν
552 3529 617 3594 elia
645 3526 750 3592 affinis
779 3527 918 3610 generis,
948 3549 968 3591 a
996 3527 1108 3591 scribis
1134 3547 1199 3591 non
1227 3527 1323 3594 semel
1344 3527 1531 3610 interpreta-

408 3633 550 3692 mentum
573 3618 663 3691 οἶνον
684 3626 878 3708 adscriptum
900 3626 1009 3704 trisse,
1036 3625 1120 3709 quod
1141 3629 1298 3692 constanti
1320 3628 1404 3710 apud
1427 3647 1533 3693 omnes

407 3728 572 3793 omittatur
590 3749 661 3807 usu,
682 3727 779 3810 idque
801 3728 1004 3792 coniunctum
1024 3748 1095 3792 cum
1115 3751 1190 3793 vera
1211 3731 1368 3812 scriptura
1387 3731 1438 3797 vel
1461 3751 1529 3813 per-

406 3848 517 3914 peram
532 3834 667 3898 orationi
680 3833 888 3898 intertextum
901 3832 965 3916 legi
979 3833 1074 3898 etiam
1086 3832 1170 3916 apud
1182 3832 1394 3912 Plutarchum,
1409 3835 1531 3916 copiose

405 3937 530 4004 ostendi
550 3939 585 4002 in
606 3938 731 4015 Quaest.
753 3933 834 4004 Plut.
857 3935 890 4000 II
911 3956 940 4017 p.
966 3941 1006 4002 46
1029 3957 1095 4019 sqq.
1119 3941 1151 4001 et
1172 3935 1222 3998 111
1242 3956 1272 4018 p.
1297 3941 1345 4002 46.
1390 3934 1530 4001 Eandem

404 4040 507 4124 legem
540 4061 612 4104 curn
645 4038 806 4103 anxietate
838 4037 976 4120 quadam
1011 4037 1221 4103 observabant
1263 4036 1399 4103 labentis
1437 4036 1530 4101 etiam

404 4145 587 4229 graecitatis
604 4149 748 4209 auctores
768 4144 912 4226 sacrique
932 4144 1114 4225 scriptores,
1137 4165 1154 4206 e
1175 4141 1290 4225 quibus
1305 4163 1401 4205 unum
1416 4140 1531 4205 sufficit

403 4250 532 4316 laudare
552 4250 657 4315 locum
679 4248 708 4314 S.
729 4248 885 4333 chrysost.
908 4265 938 4332 p.
961 4255 1038 4327 262,
1063 4253 1100 4314 18
1123 4247 1223 4314 Dueb.
1247 4238 1392 4336 dapason
1415 4241 1528 4333 ὀρέξαι

403 4348 519 4418 πολύν.
552 4351 614 4417 Sed
630 4351 669 4416 de
688 4349 843 4416 eiusmodi
860 4347 1060 4415 emblematis
1075 4347 1159 4411 infra
1175 4346 1274 4412 frisius
1290 4346 1528 4427 disputabimus.

485 4473 588 4551 Quam
609 4473 766 4555 insignem
788 4472 895 4538 lahem
908 4472 958 4536 his
974 4470 1065 4535 libris
1086 4471 1247 4552 pepererit
1265 4469 1399 4564 evanida
1419 4467 1526 4534 mado-

358 4635 361 4640 .
397 4593 471 4641 reve
509 4595 605 4640 exesa
637 4573 805 4658 archetypi
842 4571 1002 4654 scriptura
1037 4567 1223 4652 explicatius
1261 4570 1385 4636 dictum
1416 4576 1466 4636 est
1497 4570 1531 4634 in
