3534 5392
713 443 926 504 ..17-

254 605 311 671 sits
332 608 424 670 mado
444 608 581 672 crocodili
595 591 670 690 pora
690 611 733 670 cat
751 612 853 690 aaa
873 611 906 670 in
927 629 957 670 os
973 607 1105 670 damus
1121 603 1193 691 (das
1208 605 1388 672 knboherne

256 708 347 775 Ende
371 709 429 775 der
450 709 837 794 Riickenvvirbelsiiule)ct
857 712 1053 774 reimberum
1069 732 1152 793 porc,
1175 731 1311 794 quarum
1331 731 1387 775 nu·

257 837 380 884 menum
401 818 568 902 sexaginta
595 839 663 883 esse
692 819 770 883 scite
799 817 954 883 indicavit
974 817 1094 884 Aelian.
1119 817 1158 883 de
1181 841 1211 882 n.
1234 839 1261 882 a.
1285 817 1327 896 X,
1349 824 1386 885 21

260 921 488 1011 (σφονδύλους
509 921 576 1007 iicet
599 923 657 990 ἐπὶ
676 928 735 1012 τῆς
757 921 884 1015 ῥάχεως
906 922 1095 1012 ἑξήκοντα).
1119 924 1262 1008 Adparet
1283 930 1390 990 autem

160 1088 166 1092 .
255 1027 413 1094 Achillem
435 1027 569 1096 caudam
592 1029 741 1094 crocodili
772 1029 910 1108 nilotici,
930 1030 971 1111 in
994 1051 1058 1114 qua
1085 1029 1196 1106 habes,
1226 1031 1287 1094 nisi
1314 1028 1391 1112 quid

254 1134 454 1214 peccavimus
476 1135 687 1213 numerando,
710 1134 874 1201 vertebras
894 1135 1029 1220 triginta
1050 1136 1241 1220 quinque*),
1266 1157 1306 1202 ex
1326 1157 1390 1200 una

254 1237 346 1320 quasi
361 1237 480 1302 ossium
499 1259 640 1324 conpage
662 1244 807 1306 constare
821 1240 1007 1318 credidisse,
1026 1240 1111 1325 quod
1127 1262 1189 1325 quo
1212 1242 1280 1306 iure
1296 1246 1388 1324 puta·

258 1338 340 1405 verit
362 1343 515 1405 testatum
535 1339 615 1404 iacit
635 1340 783 1424 Geoffroy
805 1340 1050 1407 Saint-Hilaire
1071 1342 1106 1406 in
1128 1341 1327 1424 Description
1349 1342 1388 1406 de

256 1436 402 1522 l'Egypte
422 1438 507 1504 Tom.
527 1439 633 1504 XXIV
647 1461 677 1522 p.
694 1444 771 1507 425:
792 1440 869 1507 bien
887 1461 949 1524 que
971 1440 1088 1506 formes
1110 1440 1150 1512 de
1170 1443 1331 1509 vertebras
1349 1464 1389 1508 en

256 1543 358 1607 meme
380 1542 513 1608 nombre
538 1548 572 1608 et
600 1543 686 1608 aussi
711 1542 877 1610 distinctas
907 1565 968 1627 que
998 1545 1075 1610 chez
1102 1544 1148 1610 les
1170 1545 1389 1624 mammilbres,

256 1640 289 1706 la
309 1642 442 1708 coloune
464 1643 617 1708 cervicale
637 1649 686 1708 est
705 1643 813 1724 prives
828 1643 869 1710 de
884 1643 1036 1710 mobilite.
1069 1644 1126 1711 Oet
1141 1649 1208 1712 etat
1223 1647 1263 1712 ds
1280 1647 1390 1714 choses

258 1748 307 1808 est
336 1745 429 1810 cause
456 1765 537 1826 pour
567 1745 689 1829 chaque
716 1745 861 1813 vertebra
898 1767 959 1829 par
988 1746 1043 1812 des
1077 1747 1254 1833 apophyses
1281 1749 1388 1814 multi·-
1505 1731 1511 1742 ¹

256 1847 367 1928 pliees,
391 1848 522 1932 longues
542 1853 576 1914 et
595 1846 816 1930 rapprochees.
859 1848 943 1914 Leur
965 1849 1240 1914 enchevttrement
1268 1849 1329 1914 iait
1349 1849 1389 1914 de

258 1955 363 2017 tontes
380 1952 428 2017 les
447 1951 608 2018 vertebres
628 1972 691 2016 une
710 1951 777 2035 tige
797 1951 981 2029 resistente,
1011 1972 1051 2016 ne
1073 1956 1213 2034 pouvant
1234 1973 1299 2018 non
1320 1951 1391 2034 plus

257 2077 291 2122 se
310 2055 421 2123 flechir
441 2079 496 2141 quc
523 2064 554 2120 oc·
573 2055 670 2120 c’etcc't
698 2078 739 2118 on
767 2078 799 2119 oa
828 2060 943 2138 unique.
995 2053 1086 2132 Quod
1108 2055 1241 2122 sirecte
1266 2056 1388 2138 exposi-

259 2167 340 2240 tum,
363 2166 510 2244 apertum
531 2166 579 2228 est
600 2161 713 2237 etiam,
734 2181 798 2242 quo
823 2159 894 2225 iure
913 2159 1054 2238 Achilles
1076 2158 1211 2224 caudam
1232 2159 1390 2224 crocodilo

260 2264 355 2330 aliter
376 2271 472 2351 atque
494 2265 609 2332 ceteris
629 2264 820 2331 animalibus
841 2264 985 2348 (Aristot.
1002 2264 1041 2330 de
1062 2270 1144 2346 part.
1167 2266 1261 2330 anim.
1282 2265 1335 2342 IV,
1351 2272 1389 2332 10

261 2385 291 2446 p.
302 2371 372 2444 293,
387 2372 428 2434 29
445 2367 552 2445 Paris,
575 2366 690 2451 quibus
710 2366 850 2430 concinit
865 2364 944 2431 Plin.
961 2388 992 2430 n.
1008 2366 1038 2429 h.
1056 2365 1171 2444 X1‚5o,
1189 2372 1263 2444 264)
1276 2371 1388 2432 trunco

258 2471 415 2538 adnexam
429 2471 663 2556 significaverit.
694 2470 853 2557 Cogitavit
870 2471 957 2538 enim
973 2471 1217 2549 crocodilorum,
1237 2477 1273 2536 ut
1290 2472 1388 2540 lacer·

260 2582 379 2657 tarum,
402 2579 520 2644 caudas
542 2600 614 2644 cum
639 2578 759 2643 relicuo
780 2598 913 2659 corpore
935 2583 1038 2669 totum
1059 2578 1149 2662 quasi
1170 2578 1299 2660 aliquod
1322 2577 1388 2644 effi-

203 2724 207 2726 *
259 2683 392 2763 cientes,
422 2683 559 2748 aliorum
587 2687 699 2747 contra
727 2682 914 2746 animalium
942 2702 982 2746 ex
1002 2681 1158 2747 vertebris
1186 2683 1286 2747 multo
1306 2688 1388 2748 tare·

260 2784 397 2850 tionibus
416 2782 704 2866 minutioribusque
732 2783 840 2866 eisque
870 2787 1014 2848 extrema
1033 2783 1067 2846 in
1087 2788 1180 2865 parte
1202 2807 1242 2850 ex
1263 2784 1388 2850 cartali-

262 2891 373 2976 ginosa
387 2891 574 2975 plerumque
589 2889 725 2954 materia
739 2888 883 2954 formatis
899 2891 1087 2968 constantes,
1098 2888 1181 2954 unde
1197 2911 1391 2974 consequens
1439 2887 1444 2895 “

261 2997 361 3058 estut
381 2992 422 3059 ad
444 2992 628 3060 violentiam
640 2991 681 3056 ab
699 2990 840 3059 externis
857 2989 983 3054 iniuriis
1000 2989 1190 3058 eludendam
1210 2990 1309 3058 multo
1327 2992 1392 3056 sint

261 3097 436 3166 hebetiora.
471 3098 611 3182 Reperta
632 3096 732 3181 igitur
752 3100 789 3160 ιιι
802 3094 928 3161 videtur
948 3094 1034 3176 apud
1047 3095 1206 3160 Achillem
1224 3119 1299 3162 vera
1314 3097 1389 3162 scri-

261 3207 371 3285 ptura,
394 3223 459 3268 non
478 3201 592 3266 inutile
611 3201 673 3265 erit
694 3197 961 3276 animadvertere,
983 3197 1139 3280 quomodo
1156 3203 1286 3280 turpata
1304 3200 1389 3265 codi-

259 3330 332 3374 cum
349 3299 448 3375 lectio
470 3313 547 3373 nata
566 3307 617 3370 sit.
659 3304 781 3385 Nempe
803 3305 838 3367 in
857 3303 1030 3386 archetypo
1046 3301 1235 3368 difficillimo
1252 3303 1337 3370 lectu
1354 3327 1392 3370 ao

259 3413 389 3478 madore
401 3413 503 3478 situve
513 3412 671 3491 corrupto,
685 3409 744 3474 hoo
756 3414 882 3474 tentum
896 3430 991 3491 super
1002 3414 1073 3474 erat
1082 3412 1214 3472 KAIM
1219 3409 1328 3476 GPOC
1333 3409 1392 3474 ΤΩ

264 3569 270 3581 .
297 3569 304 3581 .
330 3570 337 3585 .
362 3568 369 3583 .
398 3517 545 3596 ΥΛΩΝ,
580 3517 666 3600 qnod
686 3516 859 3582 monachus
887 3514 1042 3582 festinans
1065 3514 1252 3593 admodum,
1282 3522 1390 3599 utpote

261 3622 297 3686 in
310 3621 393 3688 libro
411 3621 474 3706 ipsi
495 3621 677 3701 interdicto,
700 3643 737 3688 ac
753 3642 867 3704 parum
881 3620 1035 3686 sollicitus
1054 3618 1093 3684 de
1111 3620 1307 3704 singulorum
1323 3623 1390 3702 api·
1476 3656 1481 3664 ·

263 3728 353 3794 cibus
374 3727 577 3811 evanidisque
597 3728 780 3792 litterarum
801 3724 949 3790 ductibus
969 3723 1176 3802 extricandis,
1205 3725 1394 3806 praesertim

262 3832 298 3896 in
318 3832 402 3899 libro
423 3832 465 3898 ad
484 3830 710 3898 delectandum
739 3829 903 3913 conposito
926 3827 1051 3915 (Iacobs
1072 3827 1195 3911 Proleg.
1217 3826 1258 3892 ad
1278 3828 1392 3893 Achill.

263 3937 331 4003 Tot.
353 3956 384 4019 p.
404 3935 546 4022 XLVII),
569 3956 629 4017 pro
648 3940 744 4016 captu
763 3953 820 3998 suo
842 3931 1053 3998 emendatoris
1073 3929 1220 4012 partibus
1241 3933 1395 4015 susceptis

334 4139 360 4206 ³⁸)
378 4141 569 4206 potiusquam
589 4153 649 4191 cnm
668 4137 817 4204 pulvisculo
836 4151 891 4188 rem
908 4133 1043 4186 exhaurire
1061 4133 1128 4198 vult,
1148 4135 1225 4185 etiam
1244 4134 1393 4188 adcuraiius

265 4232 295 4282 id
314 4231 418 4282 discere
441 4230 535 4296 poterit
553 4225 750 4280 aschneidevo
772 4223 831 4275 hist
858 4222 974 4288 amphib.
996 4221 1071 4274 Faso.
1093 4220 1114 4270 ll
1137 4236 1162 4286 p.
1179 4222 1228 4297 ¹65:
1254 4221 1393 4276 vertebras

264 4323 291 4372 in
310 4321 409 4373 sceleto
430 4319 569 4370 Siamemis
590 4316 717 4368 crocodili
734 4310 846 4366 lc'suitae
860 4315 892 4365 62
911 4317 1060 4373 numerant,
1082 4325 1190 4376 quarum
1211 4328 1270 4377 sex,
1290 4313 1395 4378 gemina

265 4410 339 4461 invoa
357 4409 435 4462 simili
459 4410 548 4460 furcae
566 4406 734 4473 gallinarum,
757 4386 784 4453 in
802 4401 878 4454 tertio
904 4400 1006 4450 iuniore
1030 4396 1134 4449 animali
1156 4399 1290 4464 simplice,
1315 4397 1392 4449 iulias

265 4498 348 4564 collo,
372 4500 402 4551 11
423 4499 520 4563 dorso,
539 4499 555 4550 8
573 4497 629 4550 ossi
648 4509 741 4558 saevo,
768 4490 882 4555 reliquas
901 4488 1001 4540 caudae
1023 4489 1146 4542 tribuunt.
1187 4488 1238 4539 Alii
1260 4495 1288 4538 ut
1305 4485 1393 4538 Gallus

267 4584 397 4655 Divemop
415 4589 442 4639 in
460 4587 595 4640 crocodilo
614 4602 664 4639 suo
683 4583 815 4636 vertebras
835 4583 953 4637 numerat
974 4578 1081 4632 omnino
1100 4577 1143 4644 59,
1164 4578 1265 4630 caudae
1283 4575 1325 4627 33.

1205 4667 1220 4716 2
