3534 5392
728 491 1051 556 ..37-,

278 658 435 732 ναῖκας.
470 655 684 722 Adumbratus
709 661 759 722 est
778 655 865 721 locus
888 677 928 722 ex
942 655 1087 738 Xenoph.
1102 655 1208 741 Symp.
1224 655 1279 736 Ix,
1297 662 1324 734 7,
1344 655 1399 723 ubi

276 767 349 842 post
375 761 572 828 saltationem
602 763 775 841 mimicam,
802 763 922 828 Bacchi
950 768 983 828 et
1001 761 1156 828 Ariadnes
1187 764 1316 846 nuptias
1347 785 1396 831 re·

278 871 538 947 praesentantem,
558 868 707 933 convivae
719 873 892 934 narrantur
914 863 1339 957 ἱόόνττςπεριβτβληνότας
1361 891 1400 935 τι

276 961 438 1054 ὀλλήλοος
449 969 621 1053 (Bacchum
641 975 674 1035 et
690 970 876 1056 Ariadnam)
899 967 954 1035 ναὶ
976 962 1022 1046 τός
1045 965 1092 1046 εἷς
1107 965 1201 1055 εὐνὴν
1224 961 1396 1048 ἀπιόντας,

276 1064 309 1132 oi
327 1066 389 1151 μὲν
414 1061 540 1154 όὶγαμοι
567 1074 684 1156 γαμεῖν
710 1067 924 1154 ὀπώμνοσαν,
958 1067 990 1135 oi
1012 1069 1049 1136 δὲ
1070 1066 1291 1156 γεγαμηκότες
1314 1061 1397 1136 ἀνα-

272 1168 391 1250 βάντες
410 1169 469 1236 ὀπὶ
487 1171 565 1252 τοὺς
583 1171 714 1252 ἵππους
736 1168 930 1261 ἀπήλαυνον
953 1173 1040 1261 πρός
1061 1174 1119 1252 τὰς
1137 1168 1262 1239 ἑαυτῶν
1283 1177 1397 1259 γοναῖ-

273 1299 347 1354 κας,
371 1272 465 1355 ὅπως
485 1274 611 1342 τούτων
631 1276 770 1359 τύχοιεν.
818 1278 910 1358 Quod
932 1278 1012 1345 alias
1034 1277 1233 1345 commodum
1255 1283 1303 1345 est
1322 1278 1394 1346 red·

271 1381 481 1466 integraturo,
509 1381 664 1449 adcurata
691 1384 799 1467 spatii'
816 1385 948 1451 lacunae
977 1383 1094 1450 codicis
1122 1406 1283 1464 mensura,
1312 1385 1397 1471 apud

270 1485 477 1551 Plutarchum
494 1507 594 1570 paene
621 1489 855 1555 incommodum
884 1494 945 1568 est,
975 1487 1232 1574 quandoquidem
1260 1510 1319 1555 nec
1340 1491 1396 1574 qui

268 1596 546 1664 vindobonensem
564 1620 623 1665 nec
644 1601 699 1684 qui
711 1601 869 1666 Parisinos
892 1601 1077 1667 scribebant
1101 1599 1225 1666 codices
1246 1622 1395 1686 magnam

268 1699 304 1762 in
317 1699 506 1764 lacunarum
527 1701 629 1783 spatio
644 1700 814 1767 indicando
828 1704 944 1767 mereri
957 1701 1126 1767 videantur
1136 1700 1241 1769 fidem.
1269 1702 1395 1770 Etenim

268 1825 341 1869 cnm
360 1806 466 1868 sinon
484 1804 553 1885 ipse
572 1805 656 1870 liber
671 1805 945 1886 vindobonensis,
967 1812 1002 1872 at
1023 1812 1109 1874 certe
1130 1829 1245 1890 parens
1267 1808 1334 1874 eius
1356 1829 1396 1874 ex

267 1911 413 1978 codicillo
443 1912 606 1997 quadratis
629 1914 749 1980 litteris
778 1921 908 1981 exarato
937 1915 1114 1999 descriptus
1143 1915 1265 1981 censeri
1292 1920 1395 2008 queat

271 2017 307 2083 in
329 2016 502 2082 metiundis
523 2015 709 2082 lacunarum
730 2018 842 2100 spatiis
861 2017 954 2084 facile
976 2017 1142 2102 intelleges
1169 2015 1396 2102 quadratamm

267 2119 449 2190 litterarum
470 2123 537 2190 fere
558 2146 739 2190 mensuram
768 2125 984 2191 adhibendam
1006 2147 1081 2191 esse.
1125 2125 1335 2209 Quamquam,
1358 2130 1395 2190 ut

270 2227 372 2293 omnis
409 2227 495 2292 absit
523 2227 722 2310 superstitio,
756 2227 956 2294 dissimulare
986 2227 1075 2306 nolo,
1111 2249 1151 2294 ne
1178 2227 1238 2293 boc
1266 2226 1395 2311 quidem

267 2335 459 2400 adamussim
479 2334 643 2401 indubiam
663 2333 771 2400 damni
794 2335 870 2401 dare
885 2355 977 2418 posse
997 2334 1178 2419 imaginem
1199 2354 1271 2398 cum
1285 2333 1390 2400 ineru-

268 2438 328 2504 diti
350 2459 444 2520 saepe
465 2438 711 2505 describentium
729 2439 813 2504 oculi
827 2440 862 2504 in
877 2444 969 2506 tanta
990 2438 1031 2504 ad
1047 2459 1171 2506 errores
1192 2437 1393 2520 proclivitate

269 2529 418 2625 antiquae
442 2542 616 2624 scripturae
643 2542 776 2627 vestigia
798 2564 838 2607 ex
857 2543 1044 2607 lacunarum
1064 2541 1177 2624 spatiis
1195 2541 1268 2624 plus
1289 2543 1394 2608 minue

270 2642 441 2709 emicantia
455 2643 721 2708 conturbaverint.
744 2642 823 2708 Inde
833 2642 953 2706 factum
963 2647 1061 2706 est—
1071 2645 1190 2707 namet
1204 2640 1327 2706 lacunis
1338 2663 1396 2707 sua

267 2748 334 2813 lata
344 2753 418 2812 sunt
428 2785 478 2823 —,
491 2753 535 2825 ut
545 2768 608 2831 quo
619 2748 811 2812 recentiores
823 2747 888 2812 sint
903 2746 1026 2812 codices
1040 2767 1077 2812 eo
1088 2745 1244 2828 ampliore
1255 2746 1392 2830 plerum-

268 2873 330 2935 que
347 2850 470 2917 ambitu
484 2853 587 2934 spatia
609 2852 795 2918 lacunarum
815 2853 922 2918 notari
937 2851 1053 2930 videas
1068 2873 1147 2929 oum,
1162 2857 1281 2936 quanto
1295 2853 1396 2938 magis

266 2960 389 3022 remota
407 2956 555 3041 antiquae
576 2957 659 3022 labis
674 2957 786 3042 imago,
808 2961 899 3022 tanto
913 2955 1075 3022 difficilior
1088 2961 1172 3022 esset
1188 2978 1271 3023 nova
1284 2956 1388 3023 imita-

264 3061 362 3126 tionis
373 3061 509 3126 imitatio
524 3065 676 3146 tantoque
692 3062 822 3143 pronior
837 3060 980 3127 veritatis
996 3059 1195 3127 adulteratio.
1218 3059 1269 3125 Ita
1282 3060 1318 3125 in
1332 3081 1395 3144 quo

264 3187 426 3231 versamur
446 3166 515 3231 loco
533 3164 787 3232 vindobonensis
807 3164 890 3230 liber
911 3163 1036 3228 litteras
1059 3185 1132 3242 οοχι
1153 3183 1225 3228 cum
1247 3162 1394 3247 quinque,

264 3253 331 3332 cod.
353 3267 514 3333 Parisinus
542 3267 673 3332 uberius
698 3265 902 3332 hauddubie
924 3287 996 3330 oum
1016 3285 1127 3330 novem
1148 3265 1329 3332 litterarum
1347 3265 1392 3331 la·

264 3392 347 3436 cuna
361 3371 497 3447 exhibet
517 3370 557 3436 de
572 3370 740 3448 Vaticano,
763 3390 834 3446 uno,
857 3369 883 3434 si
904 3374 993 3435 recte
1014 3363 1152 3445 memini,
1174 3367 1297 3435 saeculo
1312 3367 1391 3433 Vin·

334 3580 433 3632 Eadem
452 3581 548 3648 pagina
564 3583 610 3636 ubi
630 3584 663 3643 de
681 3583 816 3635 locutione
834 3583 974 3634 Homerica
999 3577 1059 3653 ἅμα
1084 3577 1198 3652 πρόσσω
1220 3584 1267 3635 ναὶ
1287 3581 1393 3636 ὀπίσσω
1478 3643 1480 3648 ,

272 3669 349 3718 νοεῖν
365 3663 408 3715 vel
429 3662 563 3731 λεύσσειν,
581 3666 607 3717 in
626 3668 713 3720 verbis
731 3665 861 3718 Plutarchi
880 3682 912 3717 an
933 3667 989 3716 seni
1009 3683 1030 3718 s.
1050 3681 1103 3731 ger.
1123 3681 1191 3733 resp.
1211 3681 1236 3733 p.
1257 3667 1330 3719 7880
1347 3663 1396 3722 τὸν

266 3753 298 3806 dl
317 3751 471 3823 στρατηγόν
488 3749 548 3822 ἅμα
570 3749 684 3825 πρόσσω
701 3756 749 3806 καὶ
769 3753 875 3808 ὀπίσσω
898 3755 949 3814 (lta
967 3754 1036 3805 enlm
1055 3753 1224 3807 scribendum
1245 3757 1313 3818 erat)
1340 3758 1394 3809 των

267 3837 442 3914 πραγμάτων
458 3839 574 3912 ὁρῶντα,
593 3843 763 3895 delitescente
781 3843 905 3907 disserui,
935 3843 967 3892 ad
991 3843 1168 3894 coniecturam
1190 3857 1273 3894 meam
1294 3845 1392 3897 condr-

266 3929 390 3982 mandam
418 3928 514 3980 vellem
543 3929 694 3982 recordatus
722 3945 809 3981 essem
842 3929 960 3982 Senecae
991 3925 1283 3991 :anaxanontem
1312 3945 1335 3986 e.
1361 3931 1393 3986 9:

266 4019 365 4081 σοπωιό,
391 4019 461 4068 homo
484 4019 638 4082 quantamvis
659 4019 746 4084 auser,
771 4020 815 4084 qui
840 4037 936 4084 occuper
961 4019 1028 4070 videt
1059 4015 1130 4089 ἅμα
1157 4015 1307 4090 πρόσσω
1335 4025 1394 4076 καὶ

266 4106 411 4161 ὀπίσσω.

335 4193 398 4259 Pag.
418 4193 460 4246 43.
480 4192 556 4255 Quod
577 4191 666 4261 Symp.
686 4193 728 4256 111,
746 4192 771 4254 6,
793 4191 809 4240 2
827 4206 852 4256 p.
871 4192 949 4243 (itta
968 4205 1015 4256 pro
1035 4186 1193 4244 ἀνάδαστον
1213 4193 1314 4246 conieci
1332 4192 1396 4248 ἀνέ-

206 4327 216 4334 ,
265 4285 393 4356 apamea,
411 4281 523 4348 probare
541 4285 658 4346 poteram
672 4277 749 4330 ¹locis
775 4276 856 4330 clem
875 4279 947 4330 Alex.
967 4276 1062 4330 Strom.
1083 4276 1118 4330 Ν
1138 4293 1163 4344 p.
1185 4279 1245 4344 566,
1265 4277 1394 4332 toervl

264 4389 290 4440 p.
308 4370 369 4436 789,
390 4372 421 4422 12
439 4370 507 4421 aliis.

333 4462 393 4524 Pag.
412 4459 454 4511 49.
486 4459 562 4509 :lude
580 4457 669 4526 Symp.
684 4457 714 4521 ΙΙ,
729 4457 745 4506 2
763 4471 788 4522 p.
801 4453 879 4508 6351>
897 4449 1014 4527 ὀπώραν
1032 4456 1070 4522 τῷ
1087 4457 1241 4508 κενοῦσθαι
1261 4451 1290 4507 τό
1310 4455 1391 4521 στόμα

267 4542 397 4619 νεαρὰς
419 4545 524 4614 ὀρέξεις
540 4544 583 4599 ἀεὶ
601 4539 866 4617 παρασκευάζουσαν
885 4547 912 4596 et
928 4541 1084 4600 νί1.,Αοῑοσ.
1105 4543 1137 4597 29
1157 4544 1203 4596 καὶ
1221 4540 1334 4599 παιδιᾶς
1351 4537 1397 4591 ἀεί

265 4653 327 4691 τινα
344 4633 443 4706 καινὴν
459 4634 564 4706 τ’γόονόν
581 4637 762 4709 ἐπιφέρουσα.
