3534 5392
424 630 577 697 Larentia
597 629 741 696 Faustuli
762 651 860 697 uxore
881 631 1098 698 narrationem
1118 651 1183 696 non
1202 653 1240 697 60
1267 630 1451 716 adtigimns,
1485 649 1557 712 quo

422 732 613 797 sententiam
649 753 762 798 novam
797 732 859 814 ipsi
893 753 1154 815 proponeremus,
1190 732 1447 817 quandoquidem
1474 732 1557 796 novi

422 837 477 902 vix
502 837 672 920 quicquam
698 838 733 902 in
761 837 813 902 his
840 836 956 904 fabulis
985 837 1025 904 de
1054 837 1230 922 originibus
1257 837 1472 904 Romanorum
1493 857 1554 902 ex-

424 940 557 1024 cogitari
578 961 670 1022 posse
691 939 823 1006 videtur.
866 940 949 1007 Nam
970 942 1112 1024 quamvis
1133 942 1174 1010 ab
1199 942 1339 1026 antiquis
1362 941 1555 1008 senioribus-

424 1065 485 1127 que
513 1043 679 1128 Originum
708 1045 960 1127 conpositoribus
992 1046 1174 1127 saepissime
1203 1046 1342 1128 repetita
1372 1050 1405 1110 et
1433 1063 1556 1127 magno

424 1169 495 1212 cnm
515 1149 621 1214 studio
642 1170 821 1232 magnaque
842 1149 995 1214 orationis
1010 1149 1177 1226 varietate,
1198 1155 1235 1214 ut
1255 1149 1292 1214 fit
1306 1150 1343 1214 in
1354 1148 1449 1215 rebus
1464 1167 1554 1212 com:

423 1254 597 1332 menticiis,
628 1255 671 1319 sit
698 1254 852 1336 exposita,
884 1275 1039 1319 summam
1059 1259 1166 1320 tamen
1195 1275 1304 1321 rernm
1334 1255 1374 1320 ab
1403 1252 1556 1319 omnibus

424 1365 581 1425 servatam
598 1358 719 1424 videbis
735 1359 862 1442 plenam
877 1365 973 1442 atque
992 1360 1227 1438 intemeratam,
1247 1381 1439 1444 quamquam
1458 1363 1555 1424 tanto

425 1459 526 1544 magis
548 1482 568 1526 a
588 1461 694 1544 prisca
714 1459 816 1526 torma
829 1459 998 1548 deflexam,
1020 1467 1138 1544 quanto
1153 1460 1354 1544 artificiosius
1371 1461 1555 1544 scriptores,

425 1564 453 1629 si
474 1565 552 1650 quid
572 1565 655 1630 forte
669 1587 762 1631 verae
779 1567 952 1633 memoriae
975 1566 1032 1633 sub
1054 1566 1181 1634 fabulae
1203 1567 1374 1647 involucris
1394 1566 1555 1633 inclusum

426 1668 508 1745 erat,
531 1688 640 1733 eruere
655 1667 838 1744 studebant,
859 1674 897 1733 ut
912 1669 1072 1736 verissime
1091 1671 1242 1736 insimili
1263 1692 1358 1738 061116
1373 1671 1556 1748 observavit

427 1765 663 1834 Schoemannus
674 1769 727 1854 (de
737 1769 828 1835 'Iullo
839 1769 975 1836 Hostilio
993 1792 1068 1856 rege
1081 1772 1296 1838 Romanorum
1313 1793 1344 1855 p.
1356 1777 1428 1840 3=
1438 1771 1552 1854 Opuso.

427 1867 487 1953 Ip.
504 1872 563 1957 18).
592 1870 643 1938 Ita
663 1871 843 1938 Macrobius
863 1871 989 1939 Satura.
1007 1872 1100 1953 1,1o‚
1122 1881 1159 1941 11
1183 1874 1302 1942 eisdem
1319 1876 1354 1940 ni
1371 1874 1465 1965 101101
1480 1896 1551 1940 cum

427 1971 597 2041 Plutarcho
612 1997 687 2040 usus
700 1977 895 2056 auctoribus,
911 1999 1102 2062 quamquam
1114 1980 1328 2044 recentiorum
1341 1978 1439 2044 etiam
1449 1978 1550 2044 videri

428 2081 530 2162 possit
552 2081 775 2147 exornationes
796 2087 853 2146 aut
868 2082 918 2146 sui
932 2083 1052 2168 ingenii
1072 2088 1256 2165 persecutus
1279 2083 1420 2160 inventa,
1440 2087 1552 2148 contra

427 2179 674 2265 frequentiorem
701 2181 819 2246 famam
848 2183 1066 2249 Larentinalia
1095 2185 1251 2270 originem
1276 2185 1411 2250 traxisse
1440 2190 1552 2250 narrat

425 2281 466 2348 ab
496 2283 599 2349 altera
631 2283 793 2363 Iorentia,
830 2286 870 2352 ab
903 2285 1040 2352 Hercule
1073 2288 1233 2370 quondam
1266 2309 1449 2371 conpressa,
1477 2308 1551 2352 mox

425 2384 547 2452 Tarutii
569 2387 654 2454 sacta
674 2409 786 2467 uxore,
808 2411 905 2473 quam
919 2391 1053 2458 Faulam
1084 2413 1107 2458 s.
1130 2391 1281 2459 Favolam
1296 2393 1549 2477 cognominatam

426 2491 521 2556 fuisse
541 2497 700 2557 testantur
716 2493 901 2560 Lactantius
916 2495 992 2560 Inst.
1004 2496 1034 2574 I,
1059 2501 1108 2574 20,
1126 2503 1145 2563 5
1162 2502 1195 2562 et
1209 2499 1350 2580 apertius
1362 2498 1550 2564 Plutarchus

425 2592 459 2655 in
480 2591 606 2669 Quaest.
626 2613 704 2657 rom.
728 2598 778 2662 35.
820 2593 893 2660 Non
924 2596 1025 2680 magis
1046 2617 1291 2664 commemorare
1321 2598 1445 2666 adtinet
1465 2598 1549 2684 quod

424 2691 560 2757 aliorum
579 2692 770 2776 scriptorum
792 2693 892 2759 veluti
914 2693 1018 2760 Licini
1043 2693 1145 2762 Macri
1167 2695 1320 2782 (Macrob.
1342 2697 1399 2762 11.
1423 2703 1472 2782 17)
1495 2718 1547 2762 ne·

425 2794 586 2880 glegentia
605 2795 656 2860 vel
677 2795 787 2877 inepta
806 2794 984 2879 loquacitas
1006 2801 1185 2862 commenta
1208 2807 1255 2862 est
1276 2796 1316 2862 de
1332 2797 1417 2863 Acca
1431 2795 1546 2862 Laren-

425 2903 487 2978 tia,
514 2897 660 2964 Faustuli
688 2897 765 2963 olim
794 2899 942 2985 coniuge,
972 2919 1045 2963 mox
1072 2904 1227 2983 regnante
1248 2899 1390 2964 Romulo
1423 2899 1549 2966 Garutio

427 3003 553 3068 atridam
572 3001 673 3069 Tusco
694 3002 829 3069 conubio
847 3003 957 3068 iuncta
973 3007 1127 3086 auctaque
1149 3001 1328 3067 hereditate
1350 3004 1432 3083 eius,
1454 3025 1547 3089 quam

346 3145 349 3150 ·
425 3106 558 3190 posthac
587 3106 721 3171 Romulo
748 3099 922 3191 reliquerit.
977 3106 1043 3173 Nec
1072 3105 1207 3171 multum
1238 3107 1373 3191 denique
1405 3129 1547 3174 curamus

426 3210 576 3294 pusillum
609 3208 799 3290 dissensum,
834 3232 929 3294 quem
969 3210 1107 3276 severior
1147 3209 1363 3294 antiquiorum
1401 3210 1548 3276 historias

425 3313 585 3380 scribendi
603 3314 685 3380 ratio
708 3320 741 3380 et
761 3313 876 3380 subtile
891 3313 927 3378 in
942 3313 1132 3379 testimoniis
1147 3313 1366 3380 examinandis
1379 3335 1547 3397 rerumque

425 3417 528 3483 causis
555 3415 745 3500 indagandis
771 3416 938 3496 iudicium,
968 3418 1066 3484 veluti
1087 3417 1128 3483 M.
1151 3417 1242 3483 Porci
1269 3417 1397 3484 Catonis
1422 3418 1457 3482 in
1478 3415 1545 3482 Ori·

425 3521 565 3605 ginibus,
588 3519 769 3603 amplexum
784 3525 844 3599 est,
866 3521 1051 3586 Larentiam
1066 3522 1246 3588 meretricio
1265 3527 1398 3604 quaestu
1416 3521 1546 3588 mirifice

424 3623 651 3706 locupletatam
671 3625 824 3708 populum
846 3625 1024 3692 Romanum
1048 3625 1197 3692 heredem
1219 3646 1424 3709 nuncupasse.
1456 3625 1548 3690 Curius

425 3729 473 3794 rei
493 3728 682 3814 significatio
702 3730 789 3797 haud
809 3730 946 3796 multum
966 3731 1072 3796 differt
1089 3754 1108 3798 a
1127 3731 1324 3815 Rhodopidis
1339 3731 1544 3797 celebratissi-

425 3854 495 3898 mae
514 3833 691 3900 meretricis
709 3834 902 3901 liberalitate
924 3856 982 3918 pro
999 3836 1142 3920 neglecto
1158 3836 1278 3918 pudore
1301 3835 1448 3902 decumas
1463 3855 1544 3900 mer-

425 3935 538 4000 cedum
558 3935 768 4002 multaticiam
780 3936 871 4021 quasi
892 3957 1028 4019 poenam
1049 3937 1084 4000 in
1101 3936 1331 4002 Acanthiorum
1352 3941 1385 4000 et
1397 3933 1547 4000 Brasidae

425 4033 583 4101 thesauris
597 4035 795 4118 deponentis,
815 4036 904 4102 cuius
920 4037 1039 4102 mentio
1054 4041 1142 4104 extat
1157 4034 1242 4118 apud
1252 4035 1369 4101 Herod.
1380 4035 1421 4112 11,
1435 4039 1495 4101 134
1504 4055 1546 4118 sq.

425 4136 505 4203 Plut.
520 4136 599 4203 Mor.
615 4159 645 4222 p.
664 4138 757 4207 4001.
774 4139 895 4206 helian.
913 4162 939 4203 v.
953 4139 984 4205 h.
1000 4139 1095 4218 XIII,
1110 4144 1158 4206 33.
1201 4137 1305 4222 Atque
1328 4137 1407 4202 haec
1421 4133 1547 4220 quidem

290 4275 292 4279 ·
424 4243 622 4327 Rhodopidis
637 4245 820 4328 conparatio
839 4235 1012 4328 propterea
1025 4266 1090 4310 nou
1104 4243 1161 4309 abs
1176 4264 1211 4306 re
1224 4242 1294 4308 fieri
1308 4239 1442 4320 videtur,
1463 4239 1545 4324 quod

424 4349 557 4415 eandem
572 4349 705 4415 duarum
730 4350 869 4416 eiusdem
887 4351 1023 4416 nominis
1037 4347 1206 4414 mulierum
1221 4347 1448 4427 contusionem,
1471 4367 1542 4430 qua·

422 4469 496 4517 rum
524 4451 660 4516 alteram
681 4453 824 4518 novimus
844 4450 1069 4520 Psammetichi
1097 4471 1227 4517 uxorem
1250 4451 1468 4536 sepultumque
1491 4447 1545 4538 sub

424 4556 604 4646 pyramide,
632 4561 669 4623 nt
686 4559 824 4642 priscam
844 4559 1029 4626 Larentiam
1041 4557 1076 4622 in
1095 4555 1249 4635 Velabro,
1279 4557 1417 4654 alteram·
1435 4554 1548 4639 Aesopi
