3534 5392
703 463 918 526 -9·1..

241 613 286 680 st
318 616 464 684 enimin
493 618 661 702 propatulo
694 626 743 686 est
773 642 876 707 neque
904 621 1068 688 Reislriom
1094 643 1196 706 neque
1225 621 1369 707 Wytten-

243 717 394 786 bachium
425 721 565 806 lepidnm
586 722 749 790 Plutarchi
773 725 1030 807 conparationem
1055 730 1218 809 totamque
1238 725 1300 790 loci
1319 745 1371 790 ra·

241 823 364 892 tionem
385 827 464 892 satis
485 833 687 910 perspectam
708 827 870 908 habuisse,
902 850 1037 913 quornm
1063 831 1146 896 alter
1168 829 1300 896 mirifice
1320 851 1372 896 res

238 929 436 1010 perturbans
458 926 649 1018 φιλοσοφία
671 951 730 1012 per
751 934 844 998 ίοιτοο
864 935 1081 1015 speculationis,
1106 933 1183 996 unde
1203 935 1306 998 οοιλοοι
1327 953 1371 994 εα-

239 1031 401 1096 lutoremoe
421 1035 591 1096 sedentium
614 1035 715 1096 elicior
736 1032 963 1114 interpretatis
985 1038 1047 1110 est,
1067 1031 1162 1110 altor,
1184 1052 1256 1096 cum
1277 1052 1370 1115 quor·

238 1151 310 1196 sum
324 1132 487 1213 pertineat
509 1123 550 1196 dv
572 1125 625 1218 τίη
647 1151 760 1214 parum
780 1132 916 1218 liqueat,
937 1132 1021 1198 hanc
1037 1133 1201 1216 proposuit
1212 1133 1369 1198 coniectu-

238 1259 324 1302 rem:
357 1233 528 1326 ἅθλητικῇ
550 1237 586 1304 dd
616 1235 854 1326 φιλοδοξίᾳ
884 1236 1016 1304 διὰτὸ
1037 1231 1191 1327 ἄκαρπον
1215 1232 1370 1326 ἀνείθη

238 1340 270 1404 h.
297 1363 324 1406 e.
347 1343 400 1405 sed
417 1343 553 1406 athletico
569 1343 681 1424 plorioe
701 1345 798 1406 studio
822 1348 945 1426 propter
978 1346 1165 1408 sterilitatem
1184 1349 1371 1422 οονισοονολιιο,

240 1445 343 1530 quod,
365 1445 510 1529 quamvis
529 1444 571 1511 ad
593 1447 770 1514 sententiae
789 1451 935 1513 tenorem
956 1446 1051 1529 paulo
1072 1447 1185 1513 melius
1205 1448 1263 1525 sit,
1284 1447 1372 1512 nullo

241 1550 338 1617 modo
359 1556 469 1616 temen
489 1549 657 1633 probabile
679 1551 844 1624 ridebitur,
875 1572 948 1618 cum
968 1552 1024 1635 qui
1044 1551 1231 1618 athleticum
1251 1550 1371 1636 gloriae

239 1656 384 1722 studium
397 1656 533 1738 conponi
549 1656 689 1738 potuerit
704 1677 774 1720 cum
787 1656 968 1739 palmarum
981 1656 1157 1735 sterilitate,
1173 1677 1266 1722 nemo
1278 1655 1373 1738 plene

240 1757 400 1840 dispicere
420 1757 528 1839 possit
573 1755 634 1834 Qui
650 1760 757 1820 tamen
778 1760 814 1820 nt
830 1755 1037 1838 persuaderet
1050 1755 1220 1822 Duebnero
1241 1753 1374 1820 fortasse

240 1866 414 1943 propterea
436 1858 636 1938 factumest,
658 1881 722 1924 non
743 1858 828 1943 quod
850 1860 880 1924 ei
902 1865 1062 1925 constaret
1081 1858 1121 1924 de
1144 1858 1375 1924 emendationis

240 1966 394 2044 veritate,
431 1964 488 2030 sed
516 1965 602 2048 quod
624 1986 664 2030 es
687 1969 817 2048 recepte
845 1965 932 2031 locus
959 1965 1082 2030 minore
1111 1964 1281 2031 offensione
1309 1964 1374 2048 lagi

124 2073 126 2078 ’
241 2076 357 2154 posset.
402 2069 527 2136 Omissa
549 2070 665 2136 Faehsi
694 2071 917 2152 perversitate,
950 2071 1005 2155 qni
1029 2065 1193 2158 ἀθλητικὴ
1214 2069 1250 2135 δὲ
1272 2068 1373 2155 φιλο-

240 2170 338 2257 τιμία
361 2172 417 2238 καί
440 2170 479 2238 τὸ
507 2164 661 2262 ίίκαρπον
682 2166 721 2238 ἂν
744 2169 854 2260 αἰνοίη
877 2174 1042 2252 effirtierit‚
1071 2174 1176 2239 verius
1204 2173 1265 2239 hoc
1287 2178 1373 2255 puto,

241 2281 278 2343 ut
298 2282 374 2359 post
395 2267 550 2364 ίίκαφιτον
573 2275 695 2360 aliquid
724 2275 833 2342 deesse
863 2279 1029 2361 opinemur
1054 2286 1087 2346 et
1113 2285 1199 2345 totns
1219 2280 1307 2345 locus
1327 2280 1374 2346 iia

240 2381 455 2447 constituatur
479 2373 650 2467 ἅθλητικῇ
672 2380 708 2446 δὲ
737 2378 929 2470 φιλοσοφίᾳ
956 2381 1011 2447 καί
1034 2381 1072 2447 τὸ
1094 2374 1249 2472 ὄίκαρττον
1271 2377 1371 2450 ἀνοί-

242 2487 372 2573 λογον
400 2478 441 2551 ἂν
472 2480 541 2570 εἴη,
572 2485 607 2550 iu
640 2485 754 2568 quibus
786 2505 845 2567 pro
868 2482 1044 2570 ἀνάλογον.
1061 2487 1199 2553 libenter
1219 2489 1374 2570 accipiam

243 2590 331 2656 aliud
354 2589 497 2656 eiusdem
519 2589 687 2671 potestatis
708 2588 910 2666 vocabulum,
931 2588 1016 2672 quod
1035 2588 1166 2670 propius
1186 2589 1318 2654 accedat
1331 2589 1373 2654 ad

245 2688 409 2784 ίίναριτον,
440 2713 635 2778 quamquam
661 2697 698 2755 ut
727 2691 870 2773 perierit,
902 2712 941 2758 eo
968 2692 1074 2774 potius
1102 2691 1235 2773 proclivi
1265 2712 1372 2757 errore

244 2795 392 2866 effectum
420 2795 624 2873 crediderim,
655 2792 740 2878 quod
768 2793 955 2858 vocabulum
985 2793 1075 2859 iuxta
1102 2794 1241 2877 positum
1262 2791 1373 2859 eodem

246 2898 424 2982 conpendio
442 2899 648 2964 terminatum
670 2900 747 2960 erat.
792 2893 854 2959 Sed
873 2894 975 2959 maius
991 2894 1090 2960 etiam
1110 2895 1257 2977 proximo
1276 2895 1374 2961 verba

242 3001 363 3086 legenti
384 2999 548 3084 negotium
571 2996 738 3064 fecessunt.
793 2998 832 3062 In
861 2998 990 3082 quibus,
1018 3000 1141 3067 omissis
1162 3001 1372 3083 interpretum

244 3105 391 3183 somn-iis,
421 3102 501 3168 mihi
532 3101 662 3186 quidem
683 3102 858 3168 rectissime
887 3103 1005 3169 habere
1035 3103 1161 3169 videtur
1182 3106 1374 3186 optimorum

243 3211 389 3277 codicum
418 3207 571 3276 memoria
601 3202 779 3284 κάλλιστος
810 3204 871 3294 γὰρ
895 3200 941 3271 ὢν
962 3205 1020 3272 καὶ
1039 3208 1195 3294 μέγιστος
1224 3202 1281 3273 ὑπ’
1304 3205 1373 3276 εὐ.

242 3312 416 3395 ταξίας,
446 3307 486 3378 οὐ
509 3307 644 3399 γόνιμός
669 3310 739 3378 ἐστι
762 3305 842 3401 παρ’
868 3305 954 3397 ἡμῖν,
986 3311 1071 3397 quod
1093 3312 1222 3378 Reiskio
1244 3319 1372 3381 auctore

241 3419 437 3501 interpretor
464 3415 504 3480 de
526 3417 664 3479 οιοιίοσίίο
692 3414 741 3478 vel
772 3418 944 3479 οοιιίίοονιλίσ
972 3413 1040 3500 (cir.
1064 3414 1130 3480 eat.
1149 3416 1228 3493 min.
1255 3420 1273 3483 8
1297 3415 1373 3482 ἕτοι-

249 3516 461 3604 δεικνύμενος
493 3511 647 3596 εὐταξίαν
684 3514 740 3582 κοί
783 3514 989 3605 ἐγκράτειαν,
1025 3520 1139 3604 quibus
1171 3528 1375 3606 opponuntur

240 3622 395 3712 μαλακία
428 3625 483 3689 καί
520 3621 684 3712 τροφή*),
725 3643 789 3705 qua
821 3620 972 3702 efficitur,
1010 3629 1048 3702 ut
1074 3625 1231 3710 quidquid
1259 3627 1374 3694 viritim

249 3772 460 3784 —u————

241 3881 332 3946 ludus,
353 3884 381 3932 ut
397 3877 534 3931 libidinem
553 3876 698 3928 crudelium
718 3876 846 3928 luminum
867 3876 976 3941 sanguis
994 3875 1116 3929 oblectet.
1146 3878 1259 3942 inpletur
1270 3879 1297 3929 in
1312 3895 1372 3931 sne·

241 3983 303 4020 cum
329 3967 397 4020 olbis
422 3965 574 4018 fortioribus
600 3979 711 4030 corpus,
737 3969 762 4016 el
786 3965 891 4015 arvinae
914 3966 978 4016 ioris
998 3969 1152 4016 mernbromm
1171 3968 1246 4017 melea
1269 3972 1372 4020 robusta

238 4051 390 4117 pinynesrit,
406 4054 434 4102 ni
451 4049 585 4114 saginatus
597 4049 622 4098 in
636 4061 747 4114 poenam
761 4049 846 4099 carius
856 4052 957 4114 pereat,
977 4053 1003 4099 et
1014 4048 1090 4100 Philo
1101 4049 1153 4114 leg.
1166 4051 1243 4116 alleg.
1255 4051 1265 4102 l
1277 4068 1303 4118 p.
1312 4053 1374 4106 5813

242 4139 282 4214 μὴ
302 4137 397 4214 μόνον
416 4136 503 4212 φάγῃ,
522 4136 592 4191 ἀλλὰ
612 4141 658 4190 καὶ
672 4134 780 4210 βρώσει,
801 4142 920 4192 τουτέστι
940 4141 1089 4198 narcidono
1109 4143 1155 4192 καὶ
1173 4136 1318 4204 durissime
1334 4142 1375 4215 μὴ

227 4221 354 4279 ,λδιοίτου
369 4221 426 4276 ἀλλ’
449 4223 571 4290 ἀθλητοῦ
589 4224 694 4295 τρόπον
712 4218 761 4288 τὴν
778 4217 895 4292 τροφὴν,
914 4219 994 4291 ἰσχὺν
1008 4226 1052 4274 καὶ
1073 4219 1197 4295 δύναμιν
1208 4225 1373 4302 περισοιὴσφ
1465 4271 1471 4280 .

243 4317 300 4368 κτλ.
315 4311 385 4366 conl.
399 4313 506 4364 Aristot.
526 4312 559 4361 de
577 4313 655 4362 anim.
675 4325 762 4375 gener.
784 4309 829 4374 Ν,
848 4313 864 4360 4
883 4326 908 4376 p.
927 4311 996 4375 400,
1017 4312 1048 4362 10
1066 4314 1109 4366 ed.
1128 4313 1209 4368 Paris.

311 4400 338 4470 *)
358 4403 396 4455 lte
416 4404 505 4454 loono.
520 4399 654 4470 chrysost.
673 4399 745 4452 hom.
760 4399 794 4449 de
805 4398 920 4464 losepho
934 4415 959 4465 p.
974 4402 1033 4466 120,
1049 4403 1066 4454 6
1081 4401 1115 4452 de
1129 4403 1275 4472 Potipharis
1293 4423 1375 4459 uxore

240 4486 318 4557 καὶὴ
335 4488 390 4559 μὲν
402 4487 487 4554 inquit
499 4489 641 4555 Αἰγυπτία
655 4489 762 4553 κατεῖχε
779 4479 815 4536 τοὶ
830 4479 946 4554 φύλλα
960 4483 1182 4556 virdunicae,
1200 4486 1215 4543 ὁ
1229 4490 1259 4543 δὲ
1273 4488 1374 4561 Ἰωσὴφ

241 4571 302 4630 τὸν
320 4569 462 4641 καρπὸν
479 4575 526 4640 τῆς
543 4564 722 4637 δικαιοσύνης
739 4562 894 4636 ἐβάσταζεν.

1178 4664 1193 4716 τ
1289 4678 1293 4686 .
