3534 5392
718 475 931 538 „77-

250 633 389 720 fingere:
428 636 466 702 τδ
498 638 534 704 δέ
569 635 705 723 γόνιμον
744 632 782 704 ού
817 639 911 704 δοκεῖ
943 660 1015 718 σοι,
1047 633 1130 726 ἔφη,
1160 642 1257 704 θεῖον
1288 629 1382 717 εἶναι,

250 733 383 827 εἴπερ
415 731 536 828 ἀρχαι
567 739 743 808 πάντων.

336 843 463 909 Eadem
486 845 658 927 inportuna
680 847 848 911 sciolorum
864 847 1005 913 sollertia
1020 845 1238 929 turpissimum
1252 845 1383 927 hiatum,

247 943 304 1030 qui
320 949 449 1013 nullam
470 949 620 1015 admittat
639 951 879 1028 excusationem,
897 949 1066 1014 Plutarcho
1087 947 1222 1014 adfinxit
1233 948 1303 1027 VII,
1319 955 1346 1027 3,
1365 957 1379 1016 1

247 1065 276 1126 p.
291 1051 387 1112 701e
411 1046 445 1110 in
460 1046 564 1112 verbis
586 1041 637 1123 τίς
651 1045 723 1136 γὰρ,
747 1043 822 1133 ἔφη,
849 1039 909 1112 ούκ
930 1039 1029 1126 οἶδεν,
1055 1041 1105 1112 ὅτι
1129 1046 1269 1128 τοῦμὲν
1293 1044 1384 1111 οίνου

248 1149 287 1214 τὸ
312 1151 423 1232 μέσον
446 1147 572 1236 γίνεται
593 1151 781 1232 βέλτιστον,
806 1153 864 1216 τοῦ
887 1147 917 1216 δ’
940 1147 1056 1215 ἐλαίου
1078 1147 1117 1214 τδ
1137 1145 1311 1227 ἀνωτάτιο,
1345 1152 1383 1216 τδ

247 1253 284 1318 δέ
307 1252 494 1320 κατωτάτω
517 1257 578 1320 τοῦ
595 1253 749 1335 μέλιτος;
779 1249 850 1321 ὁδ’
874 1254 931 1320 έάν
960 1252 1091 1319 ἐκέλευε
1118 1255 1185 1319 τδν
1212 1252 1384 1343 ἐνμέσῳ

250 1348 350 1420 olco
363 1382 383 1422 ν
403 1357 473 1420 κτλ.
517 1355 557 1420 In
578 1355 628 1420 his
649 1356 761 1420 mirari
782 1356 871 1434 licet,
895 1355 973 1439 quid
996 1355 1199 1422 Benselernm
1222 1357 1385 1439 inpulerit,

246 1465 284 1524 ut
304 1460 490 1543 exspectari
511 1464 666 1530 statueret
691 1454 709 1524 d
731 1453 760 1525 δ’
784 1459 841 1525 δᾶν
866 1459 1014 1525 ἐκέλευεν
1036 1458 1182 1545 ἐνμέσῳ
1204 1459 1260 1525 τδν
1283 1454 1382 1542 οἷν-ον,

248 1571 343 1634 inscii
365 1591 418 1633 noa
438 1573 539 1632 ιάονοι
559 1571 591 1631 in
611 1568 706 1632 medab
725 1568 800 1632 dolio
819 1571 930 1644 anae,
958 1566 1050 1648 quasi
1077 1565 1165 1630 aliud
1185 1565 1263 1650 quid
1285 1567 1381 1652 signi·

247 1671 347 1738 ficare
377 1677 486 1755 posset
512 1671 647 1756 volgata.
700 1671 745 1736 Ut
772 1671 807 1734 in
828 1670 901 1735 aliis
926 1669 1004 1734 locis
1031 1669 1073 1734 ad
1103 1660 1248 1757 ἀκρατον
1275 1669 1383 1737 πίνειν

249 1779 309 1839 eto.
336 1772 521 1856 explicandi
542 1793 637 1838 causa
658 1772 780 1837 scribae
806 1771 999 1836 addiderunt
1021 1762 1126 1848 οἶνον,
1158 1772 1264 1854 quode
1287 1795 1384 1856 supra

248 1876 453 1942 admonitum
474 1881 530 1953 est,
549 1876 595 1940 ita
612 1875 664 1938 hic
680 1871 737 1939 τδν
757 1873 897 1958 ἐνμέσῳ
920 1873 1031 1939 codem
1053 1875 1204 1940 vocabulo
1217 1877 1385 1960 vitiarunt3

248 1974 361 2058 itaque
388 1967 477 2040 νίνου
498 1975 577 2038 mihi
601 1972 921 2039 circumscribendum
942 1971 1075 2041 videtur.

342 2077 408 2142 Sed
430 2077 508 2142 haec
530 2080 621 2140 extra
643 2096 769 2140 causam
792 2074 878 2138 diota
905 2080 986 2142 sunt.
1029 2074 1098 2141 Iam
1118 2075 1257 2163 reliquos
1277 2077 1312 2142 in
1334 2078 1390 2174 his

251 2179 346 2246 libris
361 2182 455 2260 locos,
469 2182 503 2245 in
517 2181 632 2264 quibus
646 2180 800 2244 vocalium
815 2181 980 2245 concursui
993 2187 1125 2264 propter
1137 2182 1383 2266 adspirationem

250 2285 421 2364 proximae
442 2284 567 2350 litterae
588 2283 679 2348 venia
700 2283 806 2348 danda
823 2283 976 2363 videatur,
999 2286 1143 2352 enotabo.

342 2389 390 2454 Ao
411 2390 548 2471 primum
577 2389 672 2470 paulo
698 2389 840 2454 timidius
869 2389 985 2456 accedo
1013 2391 1055 2456 ad
1076 2392 1180 2456 locum
1200 2391 1304 2477 Symp.
1325 2394 1383 2473 111,

257 2496 282 2568 l,
298 2489 319 2554 3
336 2511 370 2572 p.
386 2495 483 2568 647³,
504 2490 622 2572 quippe
643 2490 868 2557 inexcusabilis
887 2492 994 2557 hiatus
1013 2494 1047 2556 in
1069 2494 1169 2558 vicem
1191 2517 1306 2560 novum
1327 2497 1383 2562 sed

252 2592 485 2670 excusabilem,
512 2597 549 2656 ut
570 2592 697 2673 opinor,
725 2593 894 2674 positurus.
937 2594 1100 2676 leguntur
1125 2595 1172 2660 ibi
1199 2596 1278 2662 haec
1305 2592 1384 2662 ύδέ

252 2698 423 2774 Διόνυσος
445 2694 608 2782 ἐνομίσθη
631 2737 667 2746 -
692 2695 747 2761 καὶ
770 2700 1023 2783 στεφανοῦσθαι
1048 2696 1182 2776 διδάξαι
1204 2698 1280 2776 τούς
1300 2705 1385 2782 βακ-

252 2801 429 2883 χεύοντας,
452 2796 498 2878 ὡς
517 2789 615 2888 ἦττον
634 2795 714 2866 ύπὸ
735 2802 808 2866 τοῦ
829 2795 949 2866 οίνου
971 2795 1166 2888 ἀνιῷντο,
1189 2804 1250 2867 τοῦ
1271 2805 1385 2869 κιττοῦ

254 2896 537 2986 κατασβεννύντος
558 2897 615 2986 την
636 2899 746 2984 μέθην
768 2901 809 2986 τῇ
831 2897 1026 2988 ψυχρότητι,
1050 2901 1166 2988 quibus
1186 2901 1383 2985 expeditissi-

254 3025 346 3070 mum
369 3001 544 3068 remedium
572 3001 732 3066 admoveri
754 3006 865 3083 potest,
895 3007 931 3067 ut
958 3006 1207 3086 transponantur
1233 3005 1268 3069 in
1296 3005 1382 3072 hunc
1443 2996 1446 3005 ’

254 3111 388 3177 modum
404 3107 449 3186 ὥς
462 3097 560 3196 ἦττον
583 3102 766 3193 ἀνιῷντο
787 3101 869 3172 aaa
886 3109 961 3172 τοῦ
979 3104 1109 3187 οἴνου,
1132 3108 1280 3196 idemque
1295 3111 1386 3178 video
1455 3145 1458 3148 ⁴

256 3214 416 3296 placuisse
435 3211 621 3290 Beusolem,
647 3217 873 3294 praeterquam
895 3211 980 3294 quod
999 3213 1158 3278 incautius
1186 3216 1300 3298 opinor
1330 3218 1387 3284 sed

255 3317 431 3386 excusabili
450 3315 683 3382 circumductus
703 3335 810 3381 errore
832 3315 959 3398 scripsit
980 3308 1117 3402 oivtnind’
1139 3311 1218 3383 ύπύ.

343 3435 417 3502 ΡΙαε
439 3433 634 3498 difficultatis
657 3433 756 3499 habet
778 3432 859 3498 alius
874 3433 962 3498 locus
973 3432 1030 3511 III,
1045 3440 1140 3517 1,1p.
1155 3433 1356 3502 olaf-646
1365 3459 1387 3504 a

259 3541 420 3631 καθάπερ
445 3537 551 3623 οἱμὲν
573 3534 641 3604 ύπδ
655 3542 718 3604 τῶν
733 3539 940 3626 κεκλημένων
960 3533 1118 3625 ἀγόμενοι
1139 3537 1248 3628 φίλων
1269 3539 1328 3607 tal
1346 3542 1384 3610 τδ

259 3650 396 3714 δεῖπνον
425 3643 502 3712 ἔθει
530 3639 767 3733 φιλανθρώπῳ
793 3640 987 3730 τυγχάνουσι
1014 3648 1080 3710 τιῦν
1100 3641 1272 3712 αάτιῦν-
1295 3645 1385 3716 εἶδέ

257 3777 309 3832 τις
332 3747 391 3840 ἀφ’
408 3746 510 3816 αὑτοῦ
528 3749 662 3834 βαδίζοι
679 3759 689 3820 ί
693 3750 727 3814 in
740 3750 882 3815 Parisina
903 3751 957 3816 vit.
974 3757 1095 3836 typogr.
1113 3749 1255 3838 βαδίζει)
1278 3746 1385 3843 τούτῳ

260 3858 313 3922 δεῖ
332 3853 390 3941 την
411 3850 521 3940 θύραν
551 3852 750 3939 κεκλῇσθαι,
781 3849 886 3928 ούτιυς
917 3848 952 3916 αὶ
978 3852 1038 3934 μέν
1067 3851 1145 3944 περὶ
1174 3853 1233 3940 τὴν
1259 3853 1388 3943 έδωδδν

260 3958 317 4024 καὶ
347 3951 447 4022 πόσιν
474 3949 592 4042 ἡδοναὶ
616 3954 878 4041 κεκλημέναι
909 3949 988 4020 ύπδ
1017 3958 1087 4043 τῆς
1117 3952 1286 4043 φύσεως
1312 3963 1386 4037 ταῖς

260 4053 409 4148 ὀρέξεσιν
441 4051 603 4139 ἑπόμεναι
631 4053 738 4120 τόπον
768 4050 897 4138 aboena,
928 4060 1002 4133 ταῖς
1029 4053 1058 4122 δ
1081 4049 1200 4134 ἀλλαις
1228 4052 1386 4145 ἀκλήτοις

260 4167 316 4232 καὶ
338 4165 395 4233 σύν
420 4159 528 4232 oddoni
557 4158 644 4250 λόγῳ
676 4160 876 4250 φιληδονίας
906 4159 1129 4248 ἀπήλλακται.
1173 4165 1212 4228 In
1241 4166 1292 4230 his
1315 4173 1388 4249 post

261 4291 312 4348 ea,
341 4289 422 4352 qnae
443 4287 540 4349 supra
568 4265 691 4330 monita
718 4270 807 4343 sunt,
831 4286 923 4330 nemo
954 4265 1090 4346 amplius
1118 4264 1159 4330 de
1183 4267 1274 4333 hiatu
1302 4269 1387 4335 inter

262 4374 458 4460 κεκλημέναι
489 4367 557 4437 ύπό
594 4371 762 4438 laborabit.
806 4370 845 4435 In
873 4371 1026 4454 proximis
1052 4371 1224 4439 Plutarcho
1253 4375 1387 4442 fortasse

261 4504 325 4547 non
343 4483 507 4566 ingratum
527 4478 665 4559 fecerim,
691 4480 718 4543 si
740 4479 845 4544 locum
865 4483 976 4561 aperte
995 4480 1142 4545 mutilum
1162 4482 1209 4547 ita
1229 4484 1386 4569 corrigam

260 4589 334 4666 ταῖς
357 4581 386 4652 δ’
404 4579 525 4660 ἄλλαις
547 4579 703 4670 ἀκλήτοις
726 4581 783 4648 καὶ
804 4581 861 4649 σύν
885 4577 995 4649 οὐδενί
1015 4580 1101 4672 λόγῳ
1116 4585 1386 4674 [παρούσαις]
