3534 5392
232 1421 332 1577 ouod
349 1490 459 1556 multis
478 1491 674 1581 argumentis
695 1495 730 1557 et
751 1489 900 1556 aCarolo
922 1488 1046 1558 Sinteni
1068 1495 1102 1558 et
1122 1511 1143 1556 a
1162 1511 1213 1555 me
1229 1481 1359 1569 conpro-

230 1594 341 1662 batum
363 1601 426 1675 est,
455 1598 532 1678 satis
561 1596 678 1662 multos
708 1595 793 1679 apud
824 1589 1029 1662 Plutarchum
1056 1595 1154 1675 locos,
1185 1595 1220 1658 in
1249 1591 1363 1682 quibus

233 1702 372 1770 editores
399 1704 521 1771 nullam
549 1706 727 1771 sententiae
758 1705 946 1790 agnoverint
966 1706 1223 1789 perversitatem,
1252 1703 1360 1766 incon-

233 1832 320 1877 cesso
336 1813 493 1877 vocalium
509 1834 663 1879 concursu
676 1812 863 1880 manifestae
876 1813 1082 1880 librariorum
1093 1811 1214 1880 fraudis
1228 1810 1364 1896 coargui,

236 1915 304 1980 eius
325 1917 372 1981 rei
389 1917 476 1982 haud
496 1918 560 1983 scio
581 1939 622 1983 an
641 1917 764 1981 nullum
784 1917 951 1982 inlustrius
969 1923 1057 1984 extet
1070 1915 1249 2000 exemplum
1268 1935 1364 1998 quarn

233 2018 267 2082 in
283 2020 366 2086 vitae
381 2019 509 2085 Romuli
530 2040 597 2103 cap.
611 2027 639 2087 5.
682 2019 860 2102 Adparebit
874 2021 961 2086 enim
981 2042 1078 2104 quam
1099 2041 1163 2085 non
1183 2017 1307 2084 inutilis
1323 2017 1365 2081 sit

234 2123 347 2188 harum
369 2145 477 2191 rerum
507 2125 710 2209 quantumvis
739 2123 870 2190 exilium
899 2124 1077 2191 observatio
1099 2125 1141 2190 ad
1163 2121 1365 2209 coarguenda

234 2229 380 2313 graviora
400 2229 485 2294 vitia
528 2229 686 2295 Narratur
707 2227 753 2294 ibi
773 2227 813 2292 de
835 2227 959 2294 duabus
980 2227 1073 2293 Accio
1095 2227 1266 2305 LarentiiS,
1286 2247 1361 2310 qua-

233 2349 304 2392 rum
325 2327 429 2393 altera
445 2325 590 2391 Faustuli
604 2345 686 2390 uxor
699 2329 795 2408 atque
815 2327 1013 2410 geminorum
1032 2326 1153 2406 nutrix,
1175 2325 1361 2393 larentina·
1493 2407 1495 2412 Ι

233 2435 349 2501 liorum
369 2434 459 2501 feriis
480 2434 636 2519 originem
651 2431 789 2510 dederit,
812 2431 916 2499 altera
935 2434 1039 2500 avire
1060 2433 1219 2517 locuplete
1234 2431 1363 2498 Tarutio

233 2541 284 2607 vel
307 2539 448 2618 Curatio,
478 2544 515 2603 ut
534 2543 666 2604 vocatur
686 2559 706 2602 a
727 2536 905 2616 Maorobio,
935 2539 1055 2622 nuptiis
1084 2538 1263 2621 adsumpta,
1292 2542 1365 2620 post

233 2645 357 2713 obitum
375 2645 437 2711 viri
459 2643 610 2727 populum
632 2643 811 2708 Romanum
832 2643 882 2707 vel
905 2641 1076 2721 Romulum
1096 2644 1214 2727 ipsum,
1235 2641 1364 2708 Valerio

235 2751 365 2816 Antiate
386 2752 530 2826 auctore,
552 2767 647 2830 quem
665 2749 843 2809 antestatur
864 2743 985 2810 Gellius
1006 2743 1061 2824 VI,
1085 2752 1112 2825 7,
1135 2751 1168 2824 5,
1187 2745 1279 2812 bonis
1300 2743 1365 2809 suis

234 2853 385 2920 heredem
402 2850 514 2917 feeerit
530 2854 562 2916 et
577 2847 618 2914 ob
633 2848 717 2913 hanc
732 2847 959 2914 liberalitatem
975 2847 1112 2932 sepulcri
1127 2847 1365 2934 magnificentia

237 2961 270 3021 et
290 2975 414 3032 annuae
435 2951 666 3036 parentatioms
691 2951 812 3017 honore
834 2949 966 3038 dignata
992 2952 1041 3018 sit.
1092 2953 1269 3038 Utramque
1289 2957 1364 3018 ante

234 3062 362 3146 nuptias
381 3060 595 3127 meretriciam
614 3058 714 3124 vitam
731 3058 922 3143 transegisse
945 3059 999 3124 ait.
1042 3058 1147 3143 Atque
1166 3059 1206 3125 de
1220 3059 1364 3126 Faustuli

234 3163 363 3247 quidem
385 3161 518 3247 coniuge
547 3159 694 3225 videntur
723 3160 784 3224 hoc
808 3160 942 3225 seriores
973 3159 1072 3226 Urbis
1099 3160 1365 3227 incunabulorum

125 3335 130 3342 ,
233 3271 434 3333 enarratores
453 3264 648 3348 excogitasse
665 3261 901 3352 commoditatis
917 3261 1019 3344 magis
1032 3263 1189 3328 rationem
1202 3263 1364 3343 habentea

233 3390 329 3452 quam
358 3366 444 3450 quod
473 3363 673 3428 auctoritatis
705 3360 841 3425 multum
873 3366 907 3428 et
935 3359 1010 3429 fidei
1040 3362 1255 3446 ineptissimae
1288 3385 1364 3431 sane

230 3470 401 3538 traditioni
424 3467 604 3534 tribuerint.
655 3467 762 3536 Unum
784 3467 869 3533 enirn
900 3468 961 3534 hoc
987 3469 1138 3556 agebant,
1168 3477 1205 3537 ut
1233 3477 1364 3557 argutae

235 3571 275 3638 de
296 3570 431 3636 Romulo
453 3574 486 3634 et
506 3567 605 3635 Remo
627 3590 647 3634 a
675 3567 752 3650 lupa
773 3568 854 3653 (1.6.
878 3571 1059 3656 meretrice)
1086 3572 1216 3638 nutritis
1237 3572 1363 3640 fabulae
1462 3639 1470 3648 ,

236 3673 307 3739 fons
334 3678 430 3757 atque
456 3674 544 3759 origo
571 3674 621 3740 vel
648 3675 716 3740 sine
737 3674 883 3740 miraculi
913 3683 1090 3743 commento
1118 3685 1199 3746 esset
1228 3680 1263 3744 in
1289 3701 1361 3764 pro·

235 3777 390 3863 patulo*).
432 3777 499 3844 Nec
520 3800 592 3844 cum
611 3779 709 3844 semel
737 3783 774 3842 ut
794 3777 920 3844 videtur
949 3780 1031 3847 duae
1060 3781 1201 3848 eiusdem
1228 3783 1364 3849 no'minis

235 3883 438 3950 mulierculae
463 3885 498 3950 in
520 3883 599 3951 duas
620 3905 772 3966 personas
794 3883 966 3952 distractae
988 3894 1093 3953 essent
1113 3889 1156 3955 ad
1177 3889 1361 3958 Larentina-

235 3986 350 4052 liorum
370 3985 569 4070 iratumque
587 3985 750 4051 Arvalium
772 3987 927 4072 originem
948 3987 1172 4076 detegendam,
1195 3991 1259 4058 alia
1273 3999 1360 4077 pate·

235 4093 292 4159 bat
311 4093 376 4172 via,
407 4114 503 4177 quam
530 4098 566 4157 ut
592 4094 627 4157 in
653 4098 759 4158 cetera
789 4092 828 4159 de
849 4098 985 4178 utraque
1014 4094 1146 4164 muliere
1172 4100 1365 4167 narrationis

235 4195 507 4275 dissimilitudine,
529 4202 753 4281 praeterquam
771 4195 857 4279 quod
875 4197 994 4262 similes
1014 4199 1141 4283 utrique
1156 4207 1229 4284 post
1242 4203 1364 4270 obitum

235 4299 349 4366 tributi
371 4304 463 4365 erant
484 4299 632 4379 honores,
657 4305 792 4382 utraque
813 4297 899 4366 idem
921 4305 1006 4368 certe
1027 4303 1182 4385 pristinae
1203 4306 1286 4374 vitae
1309 4308 1362 4374 de-

235 4405 331 4473 decus
358 4404 521 4473 admisisse
551 4406 792 4492 significaretur.
841 4406 940 4491 Atqui
961 4406 1152 4478 tralaticium
1174 4412 1302 4496 quidem
1323 4415 1363 4480 de

306 4630 334 4698 *l
351 4632 412 4690 vid.
432 4631 461 4689 G.
479 4633 633 4688 Lachmarm
650 4626 685 4686 de
700 4635 764 4689 lont.
784 4633 846 4687 hina
862 4633 930 4688 Livii
947 4631 958 4685 l
974 4650 1000 4702 p.
1019 4637 1060 4690 ⁶2.

1177 4729 1190 4782 1
