3534 5392
841 483 1055 546 -76.-

380 650 453 730 0001
467 653 493 709 ἃ
510 645 625 712 vocalis
647 645 817 728 adspirate,
833 651 953 712 certam
967 647 1121 729 dispicere
1139 645 1259 728 poteris
1277 645 1428 732 regulam,
1448 645 1506 712 im·

379 772 431 816 mo
452 752 486 816 in
510 752 698 835 quibusdam
725 769 796 817 cum
826 745 912 816 c'ltoi
935 758 969 818 et
988 750 1043 816 i'ro
1067 752 1239 833 conpositis
1267 751 1426 830 formulis,
1455 774 1507 818 ve·

378 854 439 918 luti
460 854 494 918 10
516 849 587 918 ‹itt’
611 848 665 933 ὡς,
690 848 761 920 ἀλλ’
784 850 910 943 ὥσπερ,
936 847 1007 919 ἀλλ’
1031 850 1093 934 ὅτι,
1118 848 1190 919 ἀλλ’
1212 853 1317 934 ἕνεκα,
1342 848 1506 933 ἀλλ’ὑπό,

381 949 454 1022 o'll'
476 953 556 1046 ὅρα,
577 953 618 1022 ib'
641 955 756 1044 ὥσπερ
789 963 916 1024 centum
938 959 1024 1037 aliis,
1045 981 1119 1024 casu
1133 959 1266 1026 fortasse
1288 960 1390 1045 magis
1412 981 1508 1043 quam

382 1059 514 1124 consilio
534 1060 697 1144 aliquanto
718 1059 913 1144 frequentior
935 1061 1073 1125 occurrit
1094 1060 1191 1126 elisio.
1220 1060 1332 1144 Neque
1353 1059 1508 1126 eiusmodi

379 1163 559 1246 inparilitas
579 1185 637 1246 per
657 1187 689 1230 se
711 1164 805 1247 plane
836 1165 987 1230 abhorret
1017 1165 1058 1230 ab
1088 1166 1300 1232 recentiorum
1321 1167 1511 1249 scriptorum

379 1263 510 1329 licentia
529 1265 583 1347 001Ι
593 1264 701 1330 dedita
722 1287 820 1348 opera
843 1267 1067 1331 vocabulorum
1087 1266 1206 1332 formas
1222 1268 1422 1333 miscentium
1434 1267 1506 1351 (Lo-

384 1367 464 1431 beck
487 1367 624 1454 Parerga
644 1367 816 1453 01Ρ1000.
838 1391 867 1452 p.
887 1371 970 1456 496).
1003 1370 1062 1435 Sed
1083 1393 1276 1455 quamquam
1302 1394 1366 1438 non
1387 1373 1511 1438 nescius

381 1491 458 1549 sum,
474 1493 537 1536 uno
559 1471 696 1538 alterove
720 1473 863 1555 exemplo
884 1478 934 1538 tot
954 1475 1115 1558 tantisque
1136 1477 1305 1552 contrariis
1326 1478 1509 1543 extantibus

381 1578 447 1638 tam
465 1575 635 1657 ancipitem
648 1596 685 1640 ac
704 1575 897 1641 salebrosum
913 1598 981 1640 rem
994 1575 1106 1641 confici
1123 1599 1187 1642 non
1202 1598 1302 1660 posse,
1320 1577 1509 1659 praesertim

382 1700 454 1742 cum
474 1678 552 1762 quid
574 1679 696 1744 scribae
727 1680 761 1743 in
783 1679 843 1744 hoc
866 1701 981 1764 genere
1002 1680 1041 1746 de
1063 1703 1119 1746 suo
1140 1681 1248 1765 largiti
1270 1681 1335 1746 sint
1356 1703 1419 1747 non
1440 1703 1506 1746 ma·

380 1783 428 1866 gis
450 1782 576 1849 definiri
595 1784 703 1866 possit,
721 1804 874 1868 perquam
893 1783 1010 1851 mirum
1029 1790 1137 1850 tamen
1158 1786 1258 1851 estin
1279 1786 1402 1870 aliquot
1416 1784 1503 1869 Sym-

379 1891 578 1972 posiacorum
599 1890 684 1968 locis,
704 1895 740 1957 ut
761 1890 796 1954 in
816 1890 867 1956 his
888 1890 981 1956 libris
1002 1912 1085 1955 nunc
1100 1913 1150 1956 me
1173 1892 1360 1969 contineam,
1381 1891 1507 1956 vocales

381 2004 602 2065 concurrentes
623 2020 699 2064 non
729 2019 821 2081 posse
861 1999 1077 2086 exterminari,
1114 1998 1176 2063 nisi
1210 1998 1444 2064 violentissimis
1480 1997 1508 2062 si

380 2104 473 2169 modo
494 2105 528 2168 iu
546 2108 695 2186 promptu
713 2108 786 2167 sunt
807 2101 960 2168 adhibitis
972 2103 1129 2181 remediis,
1142 2108 1179 2167 ut
1199 2103 1340 2168 nesciam
1357 2125 1398 2167 an
1414 2123 1505 2186 prae·

379 2210 461 2275 sidia
473 2209 663 2275 defensionis
673 2207 707 2272 in
726 2208 942 2289 adspiratione
957 2207 1113 2272 vocalium
1123 2208 1389 2292 subsequentium,
1407 2229 1505 2291 quan·

379 2315 420 2381 do
440 2315 491 2380 vel
511 2315 614 2380 brevis
636 2319 850 2397 praeponatur
869 2314 958 2379 brevi
976 2315 1026 2379 001
1043 2315 1149 2380 brevis
1174 2314 1295 2399 longae,
1317 2315 1507 2381 constituere

379 2423 536 2501 praestet,
558 2440 655 2501 quarn
672 2418 734 2482 loci
755 2417 946 2483 medicinam
966 2418 1002 2482 10
1024 2419 1276 2485 coniecturarum
1297 2420 1400 2494 aleam
1422 2441 1504 2484 corn·

379 2526 506 2591 mittere
534 2525 630 2608 idque
653 2524 726 2600 sine
750 2523 815 2588 0110
844 2545 939 2607 saepe
969 2525 1144 2590 sententiae
1172 2524 1394 2592 emolumento.
1444 2526 1506 2604 lta,

380 2627 518 2712 000110
541 2632 737 2694 antecessum
758 2628 950 2707 monuerim,
980 2650 1043 2693 non
1076 2629 1200 2694 videtur
1228 2629 1384 2711 proscribi
1415 2649 1507 2710 posse

380 2733 417 2812 V,
441 2741 467 2812 7,
490 2739 508 2800 3
530 2754 560 2816 p.
584 2736 672 2800 6810
696 2725 755 2796 οὐκ
779 2723 894 2810 οἶσθα,
918 2726 1012 2818 ἔφην,
1037 2727 1090 2796 ὅτι
1113 2728 1336 2812 πάσχουσα
1359 2726 1377 2818 ἡ
1402 2729 1507 2822 ψυχὴ

381 2837 419 2902 τὸ
446 2841 539 2920 σῶμα
563 2832 766 2920 διατίθησσ,
789 2835 823 2898 10
843 2835 960 2917 001100
978 2836 1165 2902 Beuselerus
1192 2837 1272 2900 miro
1294 2837 1438 2914 acumine
1455 2857 1504 2899 ar·

379 2938 513 3004 ticulum
535 2937 635 3002 deleri
654 2956 745 3018 posse
767 2936 965 3016 opinabatur.
1009 2937 1075 3003 Nec
1105 2938 1389 3020 obtemperandum
1411 2943 1502 3019 puta-

381 3046 480 3111 verim
502 3042 606 3108 eidem
627 3043 688 3106 viri
710 3041 803 3107 docto
823 3042 895 3120 Vll,
918 3049 946 3122 6,
969 3049 988 3110 3
1007 3065 1037 3126 p.
1055 3051 1143 3111 roca
1162 3046 1198 3108 in
1210 3045 1314 3110 verbis
1336 3043 1366 3109 si
1389 3044 1426 3109 δὲ
1446 3046 1504 3131 μὴ,

379 3155 444 3216 τῶν
474 3144 567 3215 ἰδίων
595 3144 703 3234 φίλων
733 3137 791 3224 οὓς
822 3140 861 3212 ἂν
898 3147 954 3213 καὶ
984 3141 1106 3234 ἤθελεν
1136 3143 1237 3228 αὐτὸς
1271 3145 1458 3215 ἑλέσθαι
1487 3143 1504 3212 d

380 3253 555 3337 (1οι001ζο0
562 3307 571 3338 ,
592 3254 650 3322 ubi
671 3254 698 3320 si
718 3253 936 3337 transponitur
958 3255 992 3318 in
1013 3254 1098 3321 hunc
1119 3256 1248 3320 modum
1270 3252 1369 3328 αὐιὸς
1392 3247 1410 3316 ὃ
1437 3254 1506 3318 δει-

382 3353 505 3436 πνίζων
530 3350 670 3420 ἑλέσθαι
699 3352 820 3420 foedior
848 3353 948 3418 multo
970 3354 1004 3418 ni
1027 3354 1120 3418 fallor
1141 3355 1251 3419 existit
1283 3353 1391 3418 hiatus
1421 3353 1505 3416 inter

382 3433 525 3530 11έσθ1ι
557 3465 589 3524 01
610 3457 694 3542 0001
722 3459 865 3541 sequitur
900 3455 1058 3545 ἐπιεικής.
1103 3459 1227 3525 Eadem
1250 3459 1344 3524 uenia
1372 3457 1505 3522 fortasse

378 3562 550 3630 condonari
579 3566 685 3644 posset
720 3561 826 3626 hiatus
849 3561 893 3640 V,
919 3567 973 3641 10,
1003 3569 1024 3630 4
1050 3585 1080 3646 p.
1103 3565 1195 3630 6851
1228 3565 1263 3628 10
1290 3563 1341 3628 his
1373 3560 1504 3648 σιωπή-

379 3691 498 3746 σαντος
521 3667 558 3734 δέ
576 3689 657 3749 μου,
688 3665 822 3744 Φιλῖνος
844 3660 1042 3750 ὑπολαβών,
1064 3666 1103 3734 τὸ
1133 3667 1170 3734 δὲ
1190 3665 1326 3755 γόνιμον
1351 3661 1389 3732 ori
1412 3667 1504 3732 10κεῖ

379 3761 758 3859 0001003010001000
783 3765 909 3857 εἴπερ
934 3763 1051 3860 ἄρχει
1073 3766 1091 3837 ὁ
1114 3764 1217 3850 cleg
1240 3769 1419 3851 πάντων,
1440 3771 1504 3840 nisi

378 3877 535 3942 sententia
556 3877 659 3941 locum
680 3875 750 3938 vitii
764 3880 920 3960 argueret.
941 3875 1062 3942 Verum
1086 3898 1146 3942 nec
1159 3875 1387 3960 Wyttenbachi
1408 3870 1504 3962 εἴπερ

378 3975 459 4068 010χο
483 3974 501 4044 ὁ
524 3976 614 4058 θεός,
635 3965 693 4044 000
708 3977 818 4045 Reiski
841 3973 938 4067 εἴπερ
955 3969 1058 4066 ἔρχει,
1082 3975 1242 4068 καθάπερ
1266 3971 1285 4042 d
1301 3978 1394 4056 θεὸς,
1419 3973 1503 4042 πάν-

380 4110 462 4165 των,
500 4107 559 4152 000
592 4085 728 4168 1001000
763 4085 847 4168 0001
873 4085 1036 4164 Faehsius‚
1067 4087 1122 4170 qui
1158 4075 1364 4152 Plutarchum
1390 4084 1504 4148 misere

377 4196 525 4274 torquere
547 4190 634 4266 solet,
655 4189 777 4254 1000011
798 4183 895 4276 εἴπερ
924 4180 1017 4276 11οχοι
1038 4187 1120 4266 θεὸς
1139 4184 1202 4266 ὥς,
1232 4188 1283 4254 001
1304 4184 1390 4271 0001
1407 4186 1506 4250 miror

378 4294 565 4361 Beuselerus
599 4292 751 4358 adsensus
781 4297 843 4370 est,
880 4291 957 4357 ferri
986 4287 1125 4374 possunt.
1186 4289 1225 4355 In
1257 4289 1425 4374 propatulo
1457 4291 1506 4352 est

380 4391 398 4462 ὁ
420 4393 503 4474 θεός
530 4394 611 4460 nihil
633 4416 700 4460 esse
721 4394 783 4458 nisi
805 4395 1122 4475 interpretamentum
1150 4383 1298 4458 monachi
1329 4379 1504 4466 christiani,

379 4501 430 4564 cui
451 4498 614 4565 obscurius
640 4497 688 4562 vel
709 4497 851 4581 argutius
889 4493 1009 4559 dictum
1029 4490 1197 4556 videbatur
1222 4490 1306 4575 quod
1329 4491 1450 4556 invenit
1469 4490 1504 4553 in

378 4598 557 4684 archetypo.
616 4596 729 4680 Itaque
760 4617 852 4663 nemo
887 4597 1048 4663 dubitabit
1077 4596 1182 4663 locum
1215 4597 1262 4663 ita
1299 4617 1422 4664 mecum
1452 4616 1502 4661 re-
