3534 5392
846 443 1058 509 ..34-

391 609 480 692 έχει
507 610 577 686 τοῖς
608 599 682 696 ἀέρι
704 606 761 674 καὶ
789 604 899 696 δρύσηι
926 608 1074 695 λέγουσι,
1107 601 1267 697 καθάπερ
1297 603 1328 672 oi
1357 603 1508 690 τέττιγες,

391 708 585 795 σιτούμενον
599 711 620 775 i.
643 733 670 780 e.
683 717 891 796 pronissimam
906 719 1039 796 praestat
1052 719 1249 779 testimonium
1263 717 1315 792 οιέ,
1337 714 1393 796 qui
1406 713 1514 774 asreet

386 840 452 882 rore
472 819 639 882 ιίυοδυνιινκ
660 821 755 882 instar
776 839 842 882 αιυι
861 819 906 881 ali
919 819 1109 902 praedicant,
1140 817 1175 881 in
1200 815 1315 900 quibus
1335 833 1430 880 nemo
1450 833 1512 876 am·

389 917 473 1000 plius
493 917 647 984 haerebit.
681 917 803 984 Eadem
824 919 859 982 ni
881 918 976 984 fallor
994 940 1090 1004 quam
1111 938 1208 1000 supra
1228 914 1405 1002 significavi
1425 935 1512 996 prae·

389 1021 581 1104 positionum
611 1026 732 1106 strages
763 1023 869 1108 gliscit
898 1024 933 1087 in
962 1023 1032 1088 loco
1053 1022 1131 1102 VH,
1158 1027 1224 1101 1,3
1253 1043 1283 1105 p.
1304 1018 1393 1087 699i
1413 1011 1512 1082 οὐθὲν

388 1124 476 1192 ἰδίου
499 1121 607 1216 πόρου
633 1128 739 1194 δεῖται
759 1126 797 1193 τὸ
821 1125 1015 1218 περίττωμα
1043 1131 1102 1216 τῆς
1130 1121 1233 1217 ύγρᾶς
1264 1126 1409 1216 τροφῆς,
1433 1111 1516 1187 ἀλλά

389 1222 437 1309 εἷς
458 1227 554 1321 ἀρκεῖ
574 1232 631 1298 καὶ
653 1231 771 1313 κοινὸς,
802 1229 917 1322 ιύσττερ
940 1228 1088 1312 εὐδιαῖος
1118 1229 1326 1322 ἀμφοτέροις
1346 1227 1395 1308 εἷς
1415 1218 1514 1294 ταύτδ

394 1336 462 1403 διὰ
484 1333 639 1402 ταύτοῦ
662 1332 1054 1428 εἷσκομιζομιξνοις.
1098 1338 1137 1402 In
1158 1337 1209 1402 his
1229 1335 1292 1401 nisi
1318 1356 1377 1418 pro
1408 1329 1513 1397 εἰσκο-

386 1439 579 1524 μιζομένοις
611 1441 802 1507 substituere
840 1442 913 1526 quis
947 1442 1026 1507 velit
1068 1438 1512 1530 προσκομιζομένοις,

386 1546 471 1631 quod
493 1545 639 1631 equidem
655 1569 720 1612 non
739 1548 905 1627 suaserim,
934 1548 1016 1613 nihil
1035 1547 1122 1613 aliud
1142 1547 1335 1632 relinquitur
1364 1565 1461 1628 quam
1480 1544 1515 1604 ut

385 1649 574 1715 restituatur
607 1647 1093 1731 συνεισκομιζομένοις,
1133 1667 1208 1712 nam
1244 1644 1403 1710 infirmius
1437 1640 1514 1706 adeo
1635 1697 1639 1705 .

385 1763 433 1825 est
453 1756 615 1822 Benselcri
639 1755 960 1839 διεισκομιζομὲνοις
987 1777 1026 1823 ac
1047 1778 1086 1821 ne
1108 1756 1158 1821 rei
1179 1752 1307 1840 quidem
1328 1749 1511 1817 convenien-

386 1873 436 1932 ter
457 1864 584 1930 dictum.
627 1863 711 1928 Hinc
732 1864 885 1929 transitus
911 1863 967 1928 fiet
995 1863 1036 1928 ad
1064 1863 1204 1928 eiusdem
1231 1859 1426 1944 quaestionis
1447 1859 1512 1922 cl

386 1994 416 2056 p.
441 1975 502 2039 698
512 1993 537 2049 ο,
559 1970 615 2036 ubi
637 1969 672 2034 in
689 1970 794 2036 verbis
817 1964 920 2035 εἰπών
944 1960 1002 2034 οὖν
1024 1964 1077 2033 ὅτι
1099 1969 1160 2033 τού
1179 1963 1340 2054 Ἕκτορος
1369 1958 1511 2044 ‹Stipit-

385 2070 460 2150 λεδς
481 2062 585 2158 ἤλασε
607 2065 796 2157 λευκανίην,
825 2065 881 2134 ἵνα
902 2093 938 2134 τε
958 2069 1063 2160 ψυχῆς
1085 2060 1227 2145 ἀίκιστος
1249 2058 1396 2155 ύλεθρος
1418 2064 1423 2150 Ι
1445 2054 1513 2129 οὐδ’

385 2169 435 2265 ἀρ’
460 2167 518 2242 ἀπ’
542 2166 740 2262 ἀσφάραγον
760 2169 857 2258 μελίη
879 2168 964 2256 τάμε
983 2168 1211 2260 χαλκοβάρεια
1235 2172 1240 2258 l
1266 2164 1312 2248 ιδς
1333 2163 1416 2258 ὄντα
1440 2192 1510 2256 φω-

384 2282 439 2367 νῆς
459 2273 548 2343 ’ίδιον
570 2270 684 2357 ὀχετὸν
714 2273 771 2341 καὶ
801 2273 991 2360 πνεύματος
1020 2276 1097 2341 clim
1125 2277 1321 2342 conieceram
1353 2296 1413 2360 ego
1443 2276 1513 2356 post
1615 2320 1638 2353 1,

385 2373 464 2447 ύντα
488 2377 641 2443 excidisse
663 2375 735 2442 τὸν
759 2371 1013 2464 ἀσφάραγον
1035 2375 1131 2461 idque
1152 2398 1237 2440 nunc
1257 2397 1278 2441 a
1297 2371 1509 2442 libroVindo·

382 2479 515 2546 bonensi
536 2478 721 2562 planissime
742 2476 963 2543 confirmatum
983 2477 1082 2544 video.

465 2599 540 2664 Plus
562 2597 770 2664 dubitationis
786 2595 884 2662 habet
904 2596 992 2662 locus
1007 2595 1076 2675 Η
1092 2617 1122 2678 p.
1133 2596 1227 2663 6751)
1250 2594 1307 2661 καὶ
1323 2598 1424 2662 τοῦτο
1440 2592 1507 2676 μὲν,

383 2695 482 2789 ἔφην,
507 2697 546 2764 τδ
570 2691 771 2785 ἀνάγνωσμα
794 2698 858 2761 τῶν
882 2691 941 2761 ούκ
962 2695 1003 2762 ἐν
1025 2694 1135 2781 με’σφ
1156 2691 1255 2761 ἐστίν.
1299 2695 1339 2759 In
1361 2696 1413 2761 his
1430 2693 1508 2758 Ben-

385 2799 505 2866 selerus
534 2797 687 2862 invitatus
707 2795 991 2880 palaeographicae
1012 2795 1199 2860 mutationis
1225 2793 1378 2861 facilitate
1399 2816 1457 2879 pro
1478 2791 1510 2857 ἐν

382 2903 474 2986 μέσῳ
492 2901 626 2984 pessime
643 2898 806 2964 substituit
821 2896 982 2981 ἐμμέσιον.
1016 2899 1098 2976 Quid
1111 2899 1311 2981 potissimum
1330 2899 1511 2984 requiretur

385 3003 511 3070 lubrica
541 3008 590 3069 est
620 3002 815 3068 coniectatio.
860 3001 973 3084 Itaque
1002 3008 1059 3066 aut
1085 3009 1333 3086 transponantur
1356 3005 1455 3072 verba
1478 3003 1511 3066 in

381 3108 467 3175 huuc
489 3109 617 3174 modum
639 3107 695 3173 καὶ
717 3109 815 3173 τοῦτο
836 3107 898 3190 μέν
920 3105 1020 3187 ἐστιν,
1043 3103 1143 3195 ἔφην,
1167 3106 1205 3173 τδ
1226 3105 1426 3197 ἀνάγνωσμα
1446 3109 1508 3173 τιύν

384 3205 444 3278 οὐκ
474 3211 508 3279 ἐν
527 3213 637 3300 μέσην,
669 3217 739 3290 aut,
773 3211 857 3295 quod
887 3211 1130 3294 praeferendum
1156 3219 1249 3297 puto,
1281 3212 1371 3280 ε’στιν
1393 3215 1507 3301 quippe

379 3318 584 3384 librariorum
610 3317 864 3399 supplementum
893 3316 935 3381 ad
954 3318 1131 3408 marginem
1151 3319 1311 3404 relegetur
1337 3319 1413 3405 (cir.
1438 3319 1504 3385 Sin·

379 3421 465 3485 tenis
491 3420 549 3502 Ep.
581 3419 622 3484 ad
653 3417 779 3512 chofr.
801 3417 1020 3484 Hermannum
1040 3441 1071 3502 p.
1096 3419 1201 3487 XLIV
1222 3422 1282 3508 sq.)

465 3524 666 3608 Aliquotiens
684 3522 805 3588 dictum
825 3529 873 3588 est
894 3523 960 3604 (csr.
982 3546 1011 3608 p.
1036 3531 1089 3610 42)
1122 3548 1186 3592 non
1207 3527 1304 3593 senrcl
1326 3526 1506 3616 elisionibus

278 3652 281 3656 ·
378 3648 399 3691 a
425 3624 537 3691 scribis
565 3629 684 3690 temere
713 3623 890 3708 obscuratis
923 3625 994 3707 ipsa
1021 3627 1186 3710 scriptoris
1217 3628 1315 3694 verba
1348 3628 1502 3713 insignem

379 3728 484 3795 labem
505 3729 678 3811 suscepisse
701 3733 796 3814 atque
818 3727 1016 3795 foedissimos
1036 3731 1116 3798 adeo
1136 3732 1211 3799 inde
1232 3733 1331 3799 invito
1352 3736 1502 3817 scriptore

377 3835 517 3899 invectos
537 3855 605 3900 esse
621 3833 735 3913 hiatus,
749 3833 833 3918 quod
847 3855 927 3900 novo
941 3856 1025 3900 nunc
1040 3837 1185 3920 exemplo
1199 3838 1370 3904 inlustrare
1392 3838 1501 3922 adgre-

375 3938 446 4003 diar
468 3960 507 4004 ex
526 3937 610 4004 libro
634 3937 691 4017 ΠΙ,
714 3943 742 4017 2,
769 3945 784 4004 1
807 3958 837 4021 p.
861 3937 952 4004 648b
976 3939 1032 4005 καί
1056 3936 1076 4004 b‘
1098 3965 1134 4027 γε
1153 3942 1286 4031 καρπὸς
1307 3938 1409 4010 αὐτοῦ
1430 3941 1503 4026 (τού

375 4044 505 4129 κιττοῦ)
544 4039 743 4130 μιγνύμενος
780 4037 828 4120 εἰς
864 4039 921 4108 τδν
959 4036 1049 4110 οἶνον
1083 4046 1288 4130 μεθυστικὸν
1319 4052 1413 4113 ποιεῖ
1442 4044 1496 4110 καί

372 4149 571 4238 ταρακτικὸν
598 4151 645 4236 τῷ
675 4151 881 4238 πυροῦσθαι.
930 4148 977 4216 Τδ
1008 4151 1046 4218 δὲ
1074 4151 1184 4240 κλῆμα
1213 4152 1367 4239 λέγουσιν
1397 4151 1496 4222 αὐτοῦ

373 4243 559 4331 σπώμενον,
584 4243 700 4331 ὥσπερ
718 4245 760 4314 ¹col
781 4248 838 4333 [ἐν]
865 4251 946 4339 πυρὶ
968 4244 1050 4329 ξύλα
1080 4252 1419 4341 συνδιαστρέφεσθαι.
1461 4250 1498 4314 In

371 4351 421 4416 his
442 4351 529 4435 quod
549 4353 639 4417 uncis
660 4351 834 4418 includitur
857 4352 891 4418 ἐν
912 4376 932 4419 a
953 4354 1123 4420 Duebnero
1146 4354 1273 4422 demum
1301 4356 1497 4442 quantumuis

372 4457 625 4542 repugnantibus
645 4457 808 4524 codicibus
829 4463 993 4543 receptum
1007 4463 1062 4526 est.
1092 4459 1139 4524 Ac
1160 4461 1287 4528 videtur
1307 4485 1384 4530 sane
1405 4482 1498 4548 quam

368 4559 508 4624 maxime
530 4559 743 4628 necessarium
764 4579 849 4640 esse,
874 4566 919 4640 ut
942 4561 1005 4627 nisi
1024 4560 1096 4646 quis
1117 4563 1270 4646 opinandi
1290 4567 1499 4634 temeritatem
