3534 5392
735 448 949 516 ...μ-

283 605 523 696 ἐξευλαβητέον
552 607 641 676 ἐστίν
663 604 712 686 είς
741 608 780 674 cd
810 605 898 698 λερδν
920 605 1001 696 (cod.
1022 603 1070 684 είς
1092 606 1197 696 θέρος
1226 607 1311 694 quod
1331 629 1410 674 corr.

280 711 445 800 Roiskius)
452 709 631 796 ἐμβάλλειν
639 712 694 779 καί
706 709 936 802 κατάρχεσθαι
943 711 1081 792 θυσιῶν,
1093 704 1206 798 ὀλίγον
1216 709 1411 801 ἔμπροσθεν

280 810 593 903 διαπεπραγμένοις
606 839 638 879 τι
660 819 821 880 τοιοῦτον.
865 815 904 880 ln
927 815 1104 896 bisparum
1117 820 1203 880 recto
1224 814 1412 882 Duebnerua

279 938 322 982 arr
348 917 415 984 cod.
437 918 535 984 Paris.
561 922 642 986 1860
665 919 700 982 in
728 919 839 1000 paucis
858 919 1076 997 vitiosissimo,
1098 918 1233 984 articulo
1265 922 1309 1005 ιῷ
1335 921 1407 985 sub-

260 1023 385 1088 stituit
415 1048 485 1103 πω,
516 1025 605 1090 cuins
633 1023 738 1090 nutias
763 1024 857 1108 plane
888 1024 939 1088 hic
976 1029 1026 1090 est
1053 1023 1154 1104 losus3
1186 1045 1244 1090 nec
1272 1024 1407 1092 toleran-

278 1125 339 1192 dus
361 1132 430 1194 orat
449 1127 537 1192 haud
558 1127 654 1193 dubie
675 1127 831 1194 vocalium
854 1143 1023 1192 concursus
1043 1127 1129 1194 inter
1154 1117 1189 1192 εδ
1220 1123 1408 1210 ἑπομένοις,

279 1251 352 1293 cnm
367 1212 564 1309 praesertim,
585 1227 613 1291 si
634 1249 703 1292 rem
724 1227 825 1309 ipsam
846 1228 1008 1306 intucaris,
1030 1221 1065 1294 sd
1088 1228 1249 1296 adiectum
1264 1230 1409 1296 videatur

280 1333 484 1416 ineptissime.
515 1332 554 1397 Id
575 1332 659 1415 quod
675 1332 838 1397 Reiskium
856 1339 1057 1399 commovisse
1072 1336 1213 1417 suspicor
1236 1342 1272 1400 ut
1285 1329 1407 1420 posted

278 1429 400 1513 aliquid
429 1428 583 1494 madius
611 1430 834 1511 pronuntiaret
864 1431 899 1494 in
926 1431 1010 1496 hane
1039 1432 1228 1498 sententiam
1252 1425 1287 1498 εδ
1310 1451 1409 1520 ποι-

282 1531 438 1608 οῦντας
461 1527 655 1613 ἑπομένοις,
676 1532 854 1613 promptius
876 1531 970 1598 credo
991 1553 1087 1616 quam
1108 1533 1321 1601 deliberatius.
1351 1535 1406 1601 Ni-

281 1637 397 1700 mirum
418 1636 506 1701 locus
526 1637 700 1720 perexigua
722 1639 916 1704 correctione
938 1639 1073 1724 indiget,
1096 1645 1132 1704 ut
1156 1645 1188 1706 et
1208 1647 1408 1709 removeatur

199 1757 203 1764 “
280 1747 388 1812 hiatus
414 1751 447 1812 et
467 1745 643 1811 sententiae
666 1745 821 1828 adpareat
841 1748 1069 1816 convenientia.
1124 1745 1300 1832 scripserat
1322 1752 1406 1818 enim

279 1847 468 1913 Plutarchus
490 1841 566 1932 ἡμῖν
588 1846 624 1910 δὲ·
647 1849 692 1931 τῷ
713 1842 803 1931 νόμιμ
827 1846 959 1926 πόλεως
979 1851 1291 1930 συνεπομένοις
1314 1850 1404 1930 ἐξευ-

279 1951 443 2035 λαβητέον
464 1946 566 2028 ἐστίν,
588 1969 685 2032 quarn
704 1949 897 2016 locutionem
918 1951 1054 2032 praeivit
1070 1951 1159 2016 Plato
1181 1951 1221 2018 de
1242 1953 1337 2039 Lepg.
1360 1955 1407 2020 XI

150 2060 154 2066 ’
279 2068 310 2135 p'.
333 2053 426 2120 ared
446 2055 493 2137 τῷ
515 2049 606 2136 νόμιμ
629 2049 852 2135 ξυνεπόμενος
872 2054 953 2118 conl.
975 2055 1056 2122 Plut.
1077 2053 1171 2120 Mon·
1185 2074 1213 2138 p.
1247 2059 1339 2124 735a
1359 2051 1408 2134 ὥς

283 2154 480 2245 Ἐπίκουρος
501 2152 610 2222 οἴεται
631 2156 727 2244 μέχρι
748 2157 869 2222 τούτου
898 2159 1096 2249 Δημοκρίτῳ
1123 2157 1346 2245 συνεπόμενος
1374 2167 1408 2228 st

278 2285 309 2346 p
329 2266 367 2330 81
392 2285 410 2330 θ
434 2258 549 2350 ὥσπερ
571 2265 643 2347 θεῷ
664 2265 711 2348 τῷ
732 2259 820 2350 λόγῳ
843 2263 1000 2344 ιαπεινδς
1022 2267 1212 2332 συνέπεται.
1266 2267 1314 2334 De
1336 2268 1406 2356 lege

281 2375 397 2447 autem
427 2389 493 2452 qua
519 2365 683 2432 sacrifimis
711 2367 772 2432 rite
794 2388 923 2450 operam
954 2369 1059 2436 daturi
1087 2370 1250 2456 religionis
1271 2394 1407 2440 caussa

282 2472 452 2537 concubitu
471 2470 626 2553 prohibiti
646 2491 715 2536 esse
736 2470 892 2549 dicantur,
915 2472 1016 2538 multa
1035 2473 1157 2559 conlegi
1178 2475 1303 2552 Quaest
1325 2476 1406 2543 Plut-

278 2574 328 2645 ΙΙΙ
345 2601 375 2662 p.
399 2584 448 2657 39,
470 2579 586 2662 quibus
606 2578 703 2644 hodie
724 2576 903 2646 addiderim
924 2586 1052 2662 praeter
1072 2583 1268 2648 notissimum
1290 2585 1406 2651 Tibur

279 2686 325 2764 Π,
351 2690 415 2764 1,9
436 2706 520 2769 sqq.:

365 2837 370 2844 ·
409 2789 522 2855 Omnia
543 2791 607 2855 sint
627 2795 759 2873 operata
779 2789 852 2856 deo:
876 2812 940 2856 non
962 2789 1078 2856 audeat
1098 2790 1163 2856 uba

470 2890 644 2956 Lanificam
664 2891 771 2973 pensis
792 2891 967 2974 inposuisse
989 2913 1126 2959 manum.
1227 2933 1230 2938 ·

406 2989 472 3054 Vos
496 3011 621 3074 quoque
643 2990 753 3056 abesae
774 2991 885 3072 procul
907 2991 1014 3067 iubeo,
1036 2990 1179 3058 discedat
1198 2989 1239 3058 ab
1262 2991 1327 3056 aris

469 3093 526 3158 Cui
546 3094 791 3160 tulithesterne
813 3094 931 3180 gaudia
950 3100 1042 3160 nocte
1065 3094 1182 3160 Venus.

408 3194 503 3260 Casta
524 3195 651 3278 placent
671 3197 812 3277 superis:

280 3321 310 3388 S.
327 3321 484 3406 Chrysost.
501 3321 541 3388 de
559 3322 634 3406 virg.
652 3343 682 3404 p.
701 3325 755 3399 98,
774 3327 816 3386 44
833 3320 992 3407 πειρᾶται
1010 3313 1202 3400 ἐμποδίζειν
1218 3311 1295 3404 ἡμῖν
1317 3316 1402 3382 κατὰ

278 3421 335 3488 τὸν
351 3425 407 3507 τῆς
424 3424 608 3510 προσευχῆς
624 3413 775 3510 καιρδνδ
797 3414 971 3502 διάβολος,
993 3415 1050 3484 ἐὰν
1068 3415 1301 3503 διακεχυμένην
1318 3412 1406 3506 λάβῃ

280 3525 389 3617 ψυχὴν
411 3527 468 3592 καὶ
488 3521 557 3592 ὑπδ
577 3528 636 3613 τῆς
658 3523 746 3615 πρὸς
766 3522 826 3612 τὴν
846 3527 984 3610 γυναῖκα
1012 3518 1231 3608 συμπαθείας
1252 3521 1405 3606 μεμαλα-

280 3630 408 3714 γμὲκην,
427 3625 461 3692 τί
475 3622 536 3693 οὐκ
553 3625 730 3717 ἐργάσεται
747 3627 828 3714 τῇδε
838 3618 970 3690 κάκεῖσε
988 3624 1119 3710 καὶτῆς
1137 3618 1288 3701 διανοίας
1304 3615 1406 3713 ἄναρ-

280 3731 422 3822 ριπίζων
433 3725 656 3820 δηθαλμούς;
670 3727 756 3818 ὅπερ
766 3728 822 3795 ἵνα
836 3726 882 3815 μὴ
892 3723 1204 3812 πάθοιμεν-κελεύει
1213 3720 1246 3810 (δ
1255 3726 1404 3811 Παῦλος)

280 3834 339 3921 τῆς
360 3829 473 3919 κοίτης
493 3825 714 3918 ἀπηλλάχθαι
736 3824 822 3894 τότε.
866 3827 965 3912 Quod
978 3833 1084 3894 autem
1105 3829 1139 3891 in
1160 3825 1320 3924 prioribus
1330 3843 1406 3928 cum

277 3939 392 4004 lacuna
407 3943 529 4021 septem
545 3936 726 4002 litterarum
748 3935 898 4000 scribitur
916 3935 950 3999 in
962 3932 1057 3999 Vind.
1074 3929 1197 3999 πολλοὶ
1213 3931 1249 3999 δὲ
1266 3929 1405 3998 ἕκαστον

280 4039 404 4131 ἀγῶνες
425 4043 615 4126 ἐκδέχονται
636 4038 679 4107 δι’
709 4035 850 4130 ἡμέρας,
881 4036 1046 4128 γυμνάσια
1068 4037 1105 4106 δὲ
1128 4031 1174 4116 ὥς
1195 4029 1278 4117 ἔπος
1300 4035 1406 4104 εἰπεῖν

279 4149 442 4229 ἅπαντας·
459 4142 511 4228 οἷς
532 4142 610 4215 οἷίοε
625 4147 727 4214 καλὸν
749 4140 825 4212 οὔτε
847 4146 1019 4236 συμφέρον
1035 4141 1121 4212 οὕτω
1144 4141 1353 4228 διακείμενον
1368 4143 1407 4210 τό

279 4258 375 4339 σῶμα
397 4254 554 4342 παρέχειν
569 4248 724 4339 λυσσώσῃ
742 4246 902 4338 συνουσίᾳ
918 4249 976 4314 δια
986 4296 1065 4313 .....
1084 4246 1159 4311 κολᾷ
1168 4245 1203 4310 id
1218 4245 1407 4313 Duebnsms

282 4353 435 4426 Vulcobie
457 4362 600 4435 auctore,
622 4355 694 4420 aliis
716 4352 780 4416 alia
801 4350 889 4415 nullo
910 4363 981 4414 cum
1003 4361 1147 4414 successu
1168 4344 1406 4428 temptantibus,

278 4456 560 4546 redintegrandum
577 4456 769 4541 opinabatur
790 4451 1113 4534 διαλελυμένον.
1158 4443 1196 4514 Id
1215 4450 1242 4514 si
1263 4449 1298 4514 in
1320 4443 1405 4512 ccdi-

280 4568 371 4636 cibns
390 4559 647 4653 coetigaticribu's
668 4563 820 4646 scriptum
846 4551 1055 4642 reperiretur,
1084 4551 1171 4624 haud
1194 4576 1268 4620 sane
1298 4554 1403 4648 inpro-
