3534 5392
823 523 866 534 -
909 489 952 555 44·
993 522 1037 533 ..

370 646 562 735 Chrysippus
584 669 633 732 ap.
651 646 820 715 Stohaeum
836 650 902 715 Ecl.
925 648 1046 734 physl
1067 669 1097 730 p.
1117 652 1185 726 102,
1202 652 1237 713 11
1263 646 1361 713 dixit:
1387 640 1500 734 παρά-

370 754 469 816 θεσιν
479 749 539 831 μὲν
551 744 612 837 μοὶρ
627 741 712 814 εἶναι
724 747 887 833 σωμάτιον
897 748 1050 838 συναφὴν
1061 745 1215 826 acad-ade
1227 742 1441 833 ἐπιφανείας·
1453 740 1499 826 ὥς

370 846 427 915 ἐπὶ
438 851 614 939 τῶνσιρῶ
620 851 708 935 atita
718 851 1075 917 rectissimehleinelrius
1085 872 1143 933 pro
1151 850 1263 915 vitioso
1274 853 1403 937 σιορῶν)
1415 842 1497 937 ὁρῶ-

368 977 429 1038 μεν
445 952 479 1019 ἓν
497 945 548 1031 οἷς
564 953 668 1043 πυροί
689 978 724 1021 τε
741 957 795 1021 καὶ
815 957 934 1044 κριθαὶ
958 958 1013 1022 καὶ
1035 950 1141 1044 φακοὶ
1156 955 1213 1022 καὶ
1226 951 1263 1022 εί
1276 979 1351 1020 τινα
1367 951 1496 1031 τούτοις

369 1050 455 1123 dita
469 1055 692 1147 παραπλήσια
710 1060 907 1148 περιέχεται,
924 1083 1005 1145 quae
1016 1060 1139 1126 adstrui
1152 1063 1301 1141 poterant
1314 1058 1498 1140 incorrupta

366 1165 469 1249 glossa
485 1163 599 1231 Suidae
624 1172 740 1254 σιροῖς·
759 1160 942 1255 ὀρύγμασιν
969 1167 1003 1234 ἐν
1019 1160 1070 1245 οἷς
1091 1162 1313 1231 κατατίθεται
1334 1164 1377 1229 τὰ
1392 1164 1496 1250 σπέρ-

367 1295 456 1351 ματα
472 1270 550 1335 conl.
568 1270 633 1335 Ael.
648 1270 680 1337 h.
696 1293 722 1336 a.
739 1270 780 1350 Il,
797 1277 836 1339 25
851 1269 1086 1359 πληρώσαντες
1099 1268 1175 1348 τοὺς
1186 1268 1220 1335 ἓν
1232 1271 1278 1356 τῷ
1289 1270 1383 1354 μυχῷ
1399 1266 1496 1354 σφίσι

367 1374 482 1464 σιροὺς
498 1378 609 1466 πυρῶν
628 1401 664 1441 τε
682 1375 738 1442 καὶ
756 1380 894 1465 κριθῶν.
933 1376 1011 1442 Plin.
1029 1377 1061 1444 h.
1081 1398 1111 1442 n.
1122 1373 1242 1453 XVIII,
1255 1378 1304 1451 30,
1316 1377 1380 1439 306
1396 1370 1498 1436 Varro

370 1479 410 1548 de
425 1504 450 1547 r.
469 1505 493 1548 r.
507 1482 529 1561 l,
544 1489 593 1560 57,
609 1490 622 1548 1
642 1488 770 1566 atquae
785 1484 927 1567 congessi
941 1483 975 1547 in
990 1484 1115 1561 Quaest.
1127 1480 1207 1546 Plut.
1222 1479 1239 1542 I
1253 1499 1282 1561 p.
1296 1480 1337 1543 48
1350 1498 1397 1561 sq.
1407 1479 1448 1560 *),
1463 1499 1500 1542 ex

372 1607 434 1669 quo
446 1588 553 1651 statim
564 1586 737 1671 intelleges,
749 1608 843 1670 quam
861 1592 946 1651 recte
962 1610 982 1652 a
993 1608 1044 1651 me
1058 1586 1093 1650 in
1105 1584 1210 1651 verbis
1223 1582 1378 1667 contiguis
1396 1578 1450 1646 ὅτι
1461 1580 1496 1646 δὲ

367 1678 386 1747 ri
411 1684 517 1775 πυρὸς
538 1682 604 1768 ἔχει
626 1711 658 1752 τι
684 1682 821 1775 θερμόν,
845 1684 1082 1776 τεκμαίρονται
1102 1690 1173 1764 τοῖς
1195 1679 1417 1775 ἀμφορεῦσιν,
1450 1672 1494 1748 ὦν

366 1786 585 1870 ἐντιθεμένων
603 1786 636 1867 ἐς
652 1794 743 1855 σῖτον
766 1787 1019 1867 ἐξαναλίσκεται
1040 1788 1165 1870 ταχέως
1186 1783 1204 1853 ὁ
1226 1780 1324 1867 οἶνος,
1351 1787 1491 1869 iampri-

366 1890 439 1957 dem
450 1890 651 1963 emendatum
665 1893 707 1957 sit
720 1888 781 1971 εἰς
800 1889 926 1979 οιρόν.
947 1893 1033 1971 Quae
1044 1893 1171 1977 quidem
1182 1892 1315 1975 suspitio
1325 1892 1409 1955 mihi
1419 1892 1497 1957 adeo

368 1996 496 2063 evidens
518 1998 686 2064 videbatur
707 2020 782 2075 esse,
805 2003 842 2063 ut
862 1999 1022 2064 neminem
1045 1999 1190 2065 dubitare
1213 2019 1305 2080 posse
1326 1997 1496 2063 crederem.

367 2100 415 2166 Ea
434 2124 484 2167 me
505 2102 611 2185 opinio
633 2102 755 2169 fefellit.
799 2102 987 2168 Duebnerus
1010 2103 1102 2181 enim,
1124 2103 1212 2167 cuius
1232 2099 1392 2186 hodieque
1414 2122 1483 2185 gra·

364 2204 487 2269 tissima
504 2206 659 2271 inanimo
681 2207 750 2270 meo
771 2205 870 2269 infixa
885 2206 996 2271 haeret
1017 2205 1175 2282 memoria,
1195 2204 1275 2269 haec
1295 2204 1489 2286 intemptata

365 2311 544 2394 relinquere
557 2312 677 2389 maluit
700 2334 739 2377 ne
754 2314 789 2375 in
802 2333 838 2377 eo
854 2312 983 2395 quidem
1004 2313 1084 2377 mihi
1106 2314 1338 2393 obtemperans
1359 2311 1445 2395 quod
1461 2309 1494 2388 ἐς

368 2413 418 2478 vel
441 2413 507 2479 sine
530 2414 686 2479 librorum
707 2413 899 2479 adminiculo
921 2417 1102 2479 constanter
1124 2436 1163 2479 ex
1183 2412 1346 2477 Plutarchi
1367 2412 1494 2495 scriptis

367 2508 566 2583 eximendum
594 2517 686 2584 suasi.
730 2516 771 2581 Et
791 2515 916 2581 addixit
943 2514 1072 2599 quidem
1095 2517 1227 2599 posthac
1248 2516 1323 2581 huic
1346 2515 1490 2583 ohserva-

370 2620 458 2699 tioni,
479 2640 576 2705 quam
595 2620 732 2703 praeivit
753 2618 940 2685 Schaeferus
962 2618 1000 2683 ad
1018 2618 1098 2683 Plut.
1114 2620 1168 2686 rit.
1184 2618 1269 2683 Tom.
1285 2618 1318 2682 Il
1331 2638 1361 2699 p.
1378 2623 1428 2695 47,
1444 2623 1493 2693 25,

364 2720 463 2787 codex
482 2720 751 2799 vindobonensis,
769 2721 824 2804 qui
845 2721 879 2784 in
899 2720 1018 2786 talibus
1039 2721 1202 2785 interdum
1228 2725 1278 2785 est
1297 2719 1493 2786 emendatior

361 2824 474 2890 ceteris
480 2823 539 2907 **).
562 2824 605 2887 At
617 2844 726 2888 eorum
740 2845 820 2906 quae
835 2828 1010 2907 sequuntur
1026 2822 1082 2887 nod
1094 2820 1194 2910 νίτρῳ
1216 2822 1487 2909 συνημμένος,

361 2921 428 2991 ὑπὸ
450 2924 662 3013 θερμότητος
680 2926 759 2989 mihi
776 2925 852 2989 olim
874 2926 1012 3009 (Quaest.
1027 2926 1109 2990 Plut.
1124 2927 1157 2991 II
1171 2948 1201 3011 p.
1219 2929 1274 3009 30)
1296 2927 1374 2993 satis
1395 2947 1488 3008 expe-

360 3028 429 3094 dita
451 3048 519 3093 esse
538 3027 705 3093 videbatur
735 3028 893 3095 sententia
914 3029 1080 3095 scribendo
1111 3029 1168 3096 καὶ
1194 3026 1294 3118 νίτρῳ
1327 3052 1489 3112 συμπε-

362 3131 604 3215 πασμίνος,
640 3156 736 3217 quam
764 3133 929 3199 audaciam
956 3134 1119 3200 Plutarchi
1150 3158 1259 3201 manes
1290 3158 1384 3227 aegre
1411 3136 1490 3201 mihi

360 3254 428 3299 esse
450 3232 682 3299 condonaturos
704 3256 836 3310 vererer,
858 3235 921 3299 nisi
942 3234 1062 3301 leniore
1084 3235 1243 3301 medicina
1264 3236 1360 3302 hodie
1382 3237 1487 3302 locum

374 3398 558 3405 v-——n-..w--u

375 3507 377 3511 ·
430 3492 459 3556 *l
486 3492 536 3545 cn.
556 3494 665 3557 Procop.
685 3494 710 3545 b.
730 3508 755 3557 g.
777 3494 813 3557 11,
835 3495 892 3559 lp.
916 3496 973 3558 146,
1002 3496 1032 3545 15
1059 3498 1086 3555 ἐς
1105 3492 1224 3563 βαθεῖαν
1249 3515 1308 3549 τινα
1333 3492 1490 3568 διώρυχα

364 3584 503 3651 ἐμπίπτει,
522 3572 575 3632 οἷαι
596 3580 696 3631 πολλαὶ
715 3584 771 3637 τοῖς
790 3575 875 3632 milui
897 3577 1059 3651 ἀνθρώποις
1075 3581 1145 3656 πρὸς
1161 3589 1238 3638 σίτου
1256 3583 1493 3655 παρακαταθήκην

361 3669 491 3731 ἐνταῦθα,
511 3656 597 3733 οἶμαι,
611 3670 782 3730 πεποίηνται.
802 3666 925 3717 Putidum
945 3674 986 3720 est
1003 3671 1074 3733 qnod
1087 3673 1156 3737 apud
1174 3672 1248 3725 Dion.
1259 3671 1351 3743 Chrys.
1370 3691 1407 3728 or.
1421 3675 1489 3741 xxi,

359 3768 384 3817 p.
405 3749 491 3801 505R.
514 3749 623 3800 codices
643 3764 734 3800 recens
750 3750 875 3802 fabricat?
889 3758 917 3803 at
934 3756 1071 3806 vetustatis
1096 3756 1211 3808 colorem
1237 3759 1401 3824 odoremque
1425 3777 1488 3814 corr·

358 3834 505 3897 traherent,
534 3833 641 3898 perinde
665 3840 743 3899 atque
769 3833 912 3900 amphorae
929 3836 1045 3888 vinariae
1068 3840 1138 3905 apud
1157 3840 1340 3907 Plutarchum,
1367 3844 1489 3899 dicuutur

358 3922 485 3973 καθιέναι
504 3919 531 3977 ἐς
549 3924 642 3986 σῖτον,
667 3934 734 3984 quos
752 3920 918 3971 manifestum
938 3928 978 3973 est
999 3922 1131 3975 denrissos
1147 3941 1208 3975 osse
1225 3927 1251 3977 in
1271 3908 1367 3979 caveas
1385 3908 1488 3983 subter-

357 4021 458 4070 rancas‚
478 4007 577 4058 scilicet
589 4024 641 4058 non
662 4008 697 4060 ob
715 4024 856 4070 ruarcorem,
876 4012 905 4058 ut
923 4004 1078 4073 opinabatur
1097 4009 1148 4063 lac.
1165 4010 1228 4061 Geel
1246 4012 1278 4061 ad
1294 4012 1373 4067 Dion.
1391 4010 1483 4085 cu‘rys.

358 4091 459 4161 Olymp.
479 4108 503 4158 p.
524 4094 591 4157 262,
620 4096 663 4158 qui
684 4094 771 4145 nullus
797 4110 857 4145 esse
879 4094 1009 4161 debebat,
1034 4097 1140 4161 quando
1157 4099 1286 4150 frumenta
1303 4116 1351 4166 per
1367 4100 1484 4155 hiemem

334 4190 337 4195 '
357 4182 533 4233 conservaturi
544 4187 625 4246 erant,
640 4183 687 4233 sed
699 4182 733 4235 ob
744 4180 854 4233 calidam
867 4183 1001 4247 quandam
1015 4183 1067 4234 loci
1077 4184 1319 4251 immemoremque
1330 4188 1365 4242 ibi
1376 4203 1484 4241 coacer-

357 4272 475 4319 vatorum
495 4266 701 4333 exhalationem,
728 4283 796 4335 quae
813 4284 940 4338 papyrum
958 4272 1027 4323 adeo
1045 4272 1176 4323 infuscare
1195 4274 1357 4328 credebatur.
1394 4276 1485 4342 ltaque

355 4352 407 4404 illic
427 4366 533 4417 quoque
552 4354 687 4417 aptissime
707 4356 745 4412 εἰς
762 4349 842 4425 σιρόν
860 4361 1006 4408 correctam
1024 4370 1084 4407 esse
1103 4356 1162 4420 quis
1181 4374 1233 4407 non
1251 4358 1363 4423 probet?

423 4435 468 4502 “l
485 4436 529 4498 ’ne
546 4439 632 4490 editur
648 4440 735 4492 adhuc
754 4440 819 4494 Plut.
840 4438 931 4510 Symp.
953 4441 995 4503 ti',
1015 4444 1040 4503 6,
1063 4442 1074 4492 1
1094 4457 1119 4506 p.
1140 4442 1214 4493 arrd
1234 4442 1266 4501 te
1282 4438 1332 4509 τὴν
1349 4462 1485 4516 τριετηρι-

259 4590 263 4597 ,
352 4524 405 4596 κήν
418 4510 594 4594 παντέλειαν,
620 4529 666 4582 ubl
688 4530 765 4582 nimis
795 4530 961 4585 verecundus
980 4534 1051 4584 esset
1075 4530 1120 4595 qui
1138 4530 1291 4582 tralaticium
1309 4530 1337 4591 a
1352 4530 1413 4582 loco
1432 4550 1483 4589 suo

351 4616 513 4683 relinqueret.
