<?xml version="1.0" encoding="UTF-8"?>
<!DOCTYPE html PUBLIC "-//W3C//DTD XHTML 1.0 Transitional//EN"
    "http://www.w3.org/TR/xhtml1/DTD/xhtml1-transitional.dtd">
<html xmlns="http://www.w3.org/1999/xhtml" xml:lang="en" lang="en">
 <head>
  <title>
</title>
<meta http-equiv="Content-Type" content="text/html;charset=utf-8" />
  <meta name='ocr-system' content='tesseract 3.04.00' />
  <meta name='ocr-capabilities' content='ocr_page ocr_carea ocr_par ocr_line ocrx_word'/>
</head>
<body>
  <div class='ocr_page' id='page_1' title='image "./vindiciarumplut01doehgoog_0021.png"; bbox 0 0 3534 5392; ppageno 0'>
   <div class='ocr_carea' id='block_1_1' title="bbox 757 445 965 514">
    <p class='ocr_par' dir='ltr' id='par_1_1' title="bbox 757 445 965 514">
     <span class='ocr_line' id='line_1_1' title="bbox 757 445 965 514; baseline 0 -22"><span class='ocrx_word' id='word_1_1' title='bbox 757 445 965 514; x_wconf 69' lang='lat'><strong>-13·..</strong></span> 
     </span>
    </p>
   </div>
   <div class='ocr_carea' id='block_1_2' title="bbox 277 606 1434 1010">
    <p class='ocr_par' dir='ltr' id='par_1_2' title="bbox 277 606 1434 1010">
     <span class='ocr_line' id='line_1_2' title="bbox 277 606 1434 690; baseline -0.001 -17"><span class='ocrx_word' id='word_1_2' title='bbox 277 658 279 662; x_wconf 82' lang='lat'><strong>.</strong></span> <span class='ocrx_word' id='word_1_3' title='bbox 310 606 439 690; x_wconf 85' lang='lat' dir='ltr'><strong>quidem</strong></span> <span class='ocrx_word' id='word_1_4' title='bbox 460 615 693 675; x_wconf 87' lang='lat' dir='ltr'><strong>monstruosum</strong></span> <span class='ocrx_word' id='word_1_5' title='bbox 720 630 824 674; x_wconf 82' lang='lat' dir='ltr'><strong>suum:</strong></span> <span class='ocrx_word' id='word_1_6' title='bbox 861 629 1004 688; x_wconf 83' lang='lat' dir='ltr'><strong>„comme</strong></span> <span class='ocrx_word' id='word_1_7' title='bbox 1027 631 1068 675; x_wconf 89' lang='lat' dir='ltr'><strong>sn</strong></span> <span class='ocrx_word' id='word_1_8' title='bbox 1095 607 1183 674; x_wconf 88' lang='lat' dir='ltr'><strong>hon“</strong></span> <span class='ocrx_word' id='word_1_9' title='bbox 1217 607 1434 685; x_wconf 80' lang='lat' dir='ltr'><strong>invidebimus,</strong></span> 
     </span>
     <span class='ocr_line' id='line_1_3' title="bbox 311 715 1431 800; baseline -0.001 -21"><span class='ocrx_word' id='word_1_10' title='bbox 311 736 370 780; x_wconf 89' lang='lat' dir='ltr'><strong>neo</strong></span> <span class='ocrx_word' id='word_1_11' title='bbox 389 715 484 782; x_wconf 87' lang='lat' dir='ltr'><strong>credo</strong></span> <span class='ocrx_word' id='word_1_12' title='bbox 499 737 689 800; x_wconf 79' lang='lat' dir='ltr'><strong>quemquam</strong></span> <span class='ocrx_word' id='word_1_13' title='bbox 704 715 833 782; x_wconf 87' lang='lat' dir='ltr'><strong>Faehsii</strong></span> <span class='ocrx_word' id='word_1_14' title='bbox 848 715 888 783; x_wconf 86' lang='lat' dir='ltr'><strong>de</strong></span> <span class='ocrx_word' id='word_1_15' title='bbox 907 715 967 781; x_wconf 94' lang='lat' dir='ltr'><strong>hoc</strong></span> <span class='ocrx_word' id='word_1_16' title='bbox 985 715 1053 781; x_wconf 92' lang='lat' dir='ltr'><strong>loco</strong></span> <span class='ocrx_word' id='word_1_17' title='bbox 1070 715 1341 797; x_wconf 87' lang='lat' dir='ltr'><strong>patrocinaturum</strong></span> <span class='ocrx_word' id='word_1_18' title='bbox 1360 733 1431 779; x_wconf 88' lang='lat' dir='ltr'><strong>con-</strong></span> 
     </span>
     <span class='ocr_line' id='line_1_4' title="bbox 311 819 1432 905; baseline 0 -21"><span class='ocrx_word' id='word_1_19' title='bbox 311 820 455 900; x_wconf 86' lang='lat' dir='ltr'><strong>iecturis,</strong></span> <span class='ocrx_word' id='word_1_20' title='bbox 486 843 581 905; x_wconf 82' lang='lat' dir='ltr'><strong>quac,</strong></span> <span class='ocrx_word' id='word_1_21' title='bbox 604 826 640 886; x_wconf 91' lang='lat' dir='ltr'><strong>ut</strong></span> <span class='ocrx_word' id='word_1_22' title='bbox 661 821 764 886; x_wconf 89' lang='lat' dir='ltr'><strong>dicam</strong></span> <span class='ocrx_word' id='word_1_23' title='bbox 785 819 871 905; x_wconf 86' lang='lat' dir='ltr'><strong>quod</strong></span> <span class='ocrx_word' id='word_1_24' title='bbox 892 821 1009 899; x_wconf 88' lang='lat' dir='ltr'><strong>sentio,</strong></span> <span class='ocrx_word' id='word_1_25' title='bbox 1037 820 1249 888; x_wconf 78' lang='lat' dir='ltr'><strong>febricitantis</strong></span> <span class='ocrx_word' id='word_1_26' title='bbox 1271 840 1365 902; x_wconf 87' lang='lat' dir='ltr'><strong>saepe</strong></span> <span class='ocrx_word' id='word_1_27' title='bbox 1386 819 1432 884; x_wconf 87' lang='lat' dir='ltr'><strong>vi·</strong></span> 
     </span>
     <span class='ocr_line' id='line_1_5' title="bbox 311 923 1432 1010; baseline -0.001 -21"><span class='ocrx_word' id='word_1_28' title='bbox 311 925 426 992; x_wconf 88' lang='lat' dir='ltr'><strong>dentur</strong></span> <span class='ocrx_word' id='word_1_29' title='bbox 446 925 611 992; x_wconf 91' lang='lat' dir='ltr'><strong>insomnia.</strong></span> <span class='ocrx_word' id='word_1_30' title='bbox 655 924 759 1010; x_wconf 79' lang='lat' dir='ltr'><strong>Atque</strong></span> <span class='ocrx_word' id='word_1_31' title='bbox 781 924 862 991; x_wconf 87' lang='lat' dir='ltr'><strong>illud</strong></span> <span class='ocrx_word' id='word_1_32' title='bbox 883 923 1012 1009; x_wconf 88' lang='lat' dir='ltr'><strong>quidem</strong></span> <span class='ocrx_word' id='word_1_33' title='bbox 1039 946 1097 1008; x_wconf 90' lang='lat' dir='ltr'><strong>per</strong></span> <span class='ocrx_word' id='word_1_34' title='bbox 1119 947 1152 990; x_wconf 87' lang='lat' dir='ltr'><strong>sa</strong></span> <span class='ocrx_word' id='word_1_35' title='bbox 1173 945 1215 990; x_wconf 88' lang='lat' dir='ltr'><strong>nc</strong></span> <span class='ocrx_word' id='word_1_36' title='bbox 1237 945 1257 989; x_wconf 89' lang='lat' dir='ltr'><strong>a</strong></span> <span class='ocrx_word' id='word_1_37' title='bbox 1277 923 1432 1008; x_wconf 82' lang='lat' dir='ltr'><strong>mytholo-</strong></span> 
     </span>
    </p>
   </div>
   <div class='ocr_carea' id='block_1_3' title="bbox 309 1027 1436 1214">
    <p class='ocr_par' dir='ltr' id='par_1_3' title="bbox 309 1027 1436 1214">
     <span class='ocr_line' id='line_1_6' title="bbox 309 1027 1436 1112; baseline -0.004 -17"><span class='ocrx_word' id='word_1_38' title='bbox 309 1028 380 1112; x_wconf 86' lang='lat' dir='ltr'><strong>gias</strong></span> <span class='ocrx_word' id='word_1_39' title='bbox 412 1027 541 1112; x_wconf 89' lang='lat' dir='ltr'><strong>quidem</strong></span> <span class='ocrx_word' id='word_1_40' title='bbox 573 1030 696 1094; x_wconf 89' lang='lat' dir='ltr'><strong>ratione</strong></span> <span class='ocrx_word' id='word_1_41' title='bbox 729 1027 894 1107; x_wconf 86' lang='lat' dir='ltr'><strong>abhorret,</strong></span> <span class='ocrx_word' id='word_1_42' title='bbox 933 1027 1017 1112; x_wconf 89' lang='lat' dir='ltr'><strong>quod</strong></span> <span class='ocrx_word' id='word_1_43' title='bbox 1046 1029 1140 1092; x_wconf 89' lang='lat' dir='ltr'><strong>unius</strong></span> <span class='ocrx_word' id='word_1_44' title='bbox 1171 1027 1281 1092; x_wconf 80' lang='lat' dir='ltr'><strong>Musae</strong></span> <span class='ocrx_word' id='word_1_45' title='bbox 1314 1047 1436 1103; x_wconf 87' lang='lat' dir='ltr'><strong>nomen,</strong></span> 
     </span>
     <span class='ocr_line' id='line_1_7' title="bbox 310 1124 1435 1214; baseline -0.001 -24"><span class='ocrx_word' id='word_1_46' title='bbox 310 1124 476 1210; x_wconf 86' lang='lat' dir='ltr'><strong>Polymnia</strong></span> <span class='ocrx_word' id='word_1_47' title='bbox 495 1127 515 1191; x_wconf 92' lang='lat' dir='ltr'><strong>i.</strong></span> <span class='ocrx_word' id='word_1_48' title='bbox 543 1150 568 1192; x_wconf 89' lang='lat' dir='ltr'><strong>s.</strong></span> <span class='ocrx_word' id='word_1_49' title='bbox 593 1124 702 1214; x_wconf 78' lang='grc' dir='ltr'><strong><em>πολλή</em></strong></span> <span class='ocrx_word' id='word_1_50' title='bbox 722 1134 819 1211; x_wconf 85' lang='grc' dir='ltr'><strong><em>μνεῖα</em></strong></span> <span class='ocrx_word' id='word_1_51' title='bbox 842 1127 1014 1194; x_wconf 86' lang='lat' dir='ltr'><strong>secundum</strong></span> <span class='ocrx_word' id='word_1_52' title='bbox 1035 1127 1198 1192; x_wconf 76' lang='lat' dir='ltr'><strong>Plutarchi</strong></span> <span class='ocrx_word' id='word_1_53' title='bbox 1219 1127 1435 1211; x_wconf 78' lang='lat' dir='ltr'><strong>veriloquium,</strong></span> 
     </span>
    </p>
   </div>
   <div class='ocr_carea' id='block_1_4' title="bbox 278 1231 1437 1626">
    <p class='ocr_par' dir='ltr' id='par_1_4' title="bbox 278 1231 1437 1626">
     <span class='ocr_line' id='line_1_8' title="bbox 310 1231 1436 1317; baseline 0 -21"><span class='ocrx_word' id='word_1_54' title='bbox 310 1231 353 1296; x_wconf 85' lang='lat' dir='ltr'><strong>ad</strong></span> <span class='ocrx_word' id='word_1_55' title='bbox 374 1253 484 1297; x_wconf 88' lang='lat' dir='ltr'><strong>omnes</strong></span> <span class='ocrx_word' id='word_1_56' title='bbox 504 1232 673 1299; x_wconf 84' lang='lat' dir='ltr'><strong>transferri</strong></span> <span class='ocrx_word' id='word_1_57' title='bbox 694 1231 866 1317; x_wconf 88' lang='lat' dir='ltr'><strong>aliquando</strong></span> <span class='ocrx_word' id='word_1_58' title='bbox 889 1233 1016 1299; x_wconf 89' lang='lat' dir='ltr'><strong>solitum</strong></span> <span class='ocrx_word' id='word_1_59' title='bbox 1037 1233 1135 1298; x_wconf 83' lang='lat' dir='ltr'><strong>fuisse</strong></span> <span class='ocrx_word' id='word_1_60' title='bbox 1166 1232 1323 1311; x_wconf 86' lang='lat' dir='ltr'><strong>docemur,</strong></span> <span class='ocrx_word' id='word_1_61' title='bbox 1356 1251 1436 1308; x_wconf 86' lang='lat' dir='ltr'><strong>eum,</strong></span> 
     </span>
     <span class='ocr_line' id='line_1_9' title="bbox 310 1332 1433 1416; baseline 0.001 -19"><span class='ocrx_word' id='word_1_62' title='bbox 310 1337 347 1397; x_wconf 89' lang='lat' dir='ltr'><strong>ut</strong></span> <span class='ocrx_word' id='word_1_63' title='bbox 365 1333 529 1399; x_wconf 78' lang='lat' dir='ltr'><strong>verissime</strong></span> <span class='ocrx_word' id='word_1_64' title='bbox 549 1334 673 1399; x_wconf 90' lang='lat' dir='ltr'><strong>monuit</strong></span> <span class='ocrx_word' id='word_1_65' title='bbox 693 1333 892 1400; x_wconf 80' lang='lat' dir='ltr'><strong>Godofredus</strong></span> <span class='ocrx_word' id='word_1_66' title='bbox 913 1334 1115 1402; x_wconf 86' lang='lat' dir='ltr'><strong>Hermannus</strong></span> <span class='ocrx_word' id='word_1_67' title='bbox 1134 1333 1186 1416; x_wconf 89' lang='lat' dir='ltr'><strong>(de</strong></span> <span class='ocrx_word' id='word_1_68' title='bbox 1207 1333 1306 1400; x_wconf 89' lang='lat' dir='ltr'><strong>Musis</strong></span> <span class='ocrx_word' id='word_1_69' title='bbox 1324 1332 1433 1399; x_wconf 84' lang='lat' dir='ltr'><strong>fluvia-</strong></span> 
     </span>
     <span class='ocr_line' id='line_1_10' title="bbox 310 1429 1437 1521; baseline 0.007 -27"><span class='ocrx_word' id='word_1_70' title='bbox 310 1429 394 1498; x_wconf 88' lang='lat' dir='ltr'><strong>libus</strong></span> <span class='ocrx_word' id='word_1_71' title='bbox 420 1432 606 1514; x_wconf 84' lang='lat' dir='ltr'><strong>Epicharmi</strong></span> <span class='ocrx_word' id='word_1_72' title='bbox 630 1438 665 1498; x_wconf 87' lang='lat' dir='ltr'><strong>et</strong></span> <span class='ocrx_word' id='word_1_73' title='bbox 683 1433 809 1500; x_wconf 86' lang='lat' dir='ltr'><strong>Eumeli</strong></span> <span class='ocrx_word' id='word_1_74' title='bbox 829 1433 943 1518; x_wconf 88' lang='lat' dir='ltr'><strong>Opusc.</strong></span> <span class='ocrx_word' id='word_1_75' title='bbox 968 1433 1002 1498; x_wconf 89' lang='lat' dir='ltr'>H</span> <span class='ocrx_word' id='word_1_76' title='bbox 1023 1456 1053 1518; x_wconf 93' lang='lat' dir='ltr'><strong>p.</strong></span> <span class='ocrx_word' id='word_1_77' title='bbox 1077 1434 1166 1521; x_wconf 83' lang='lat'>300),</span> <span class='ocrx_word' id='word_1_78' title='bbox 1196 1456 1277 1519; x_wconf 87' lang='lat' dir='ltr'><strong>quae</strong></span> <span class='ocrx_word' id='word_1_79' title='bbox 1306 1435 1437 1520; x_wconf 81' lang='lat' dir='ltr'><strong>origine,</strong></span> 
     </span>
     <span class='ocr_line' id='line_1_11' title="bbox 278 1537 1436 1626; baseline 0.002 -24"><span class='ocrx_word' id='word_1_80' title='bbox 278 1537 282 1540; x_wconf 73' lang='grc'><strong>’</strong></span> <span class='ocrx_word' id='word_1_81' title='bbox 311 1538 507 1619; x_wconf 86' lang='lat' dir='ltr'><strong>muneribus,</strong></span> <span class='ocrx_word' id='word_1_82' title='bbox 529 1539 641 1605; x_wconf 87' lang='lat' dir='ltr'><strong>officiis</strong></span> <span class='ocrx_word' id='word_1_83' title='bbox 663 1546 798 1626; x_wconf 80' lang='lat' dir='ltr'><strong>cognata</strong></span> <span class='ocrx_word' id='word_1_84' title='bbox 818 1545 903 1618; x_wconf 89' lang='lat' dir='ltr'><strong>sunt,</strong></span> <span class='ocrx_word' id='word_1_85' title='bbox 925 1560 984 1623; x_wconf 89' lang='lat' dir='ltr'><strong>per</strong></span> <span class='ocrx_word' id='word_1_86' title='bbox 1002 1561 1036 1606; x_wconf 89' lang='lat' dir='ltr'><strong>se</strong></span> <span class='ocrx_word' id='word_1_87' title='bbox 1058 1540 1140 1605; x_wconf 92' lang='lat' dir='ltr'><strong>nihil</strong></span> <span class='ocrx_word' id='word_1_88' title='bbox 1160 1545 1267 1606; x_wconf 85' lang='lat' dir='ltr'><strong>vetare</strong></span> <span class='ocrx_word' id='word_1_89' title='bbox 1290 1539 1436 1606; x_wconf 87' lang='lat' dir='ltr'><strong>videatur</strong></span> 
     </span>
    </p>
   </div>
   <div class='ocr_carea' id='block_1_5' title="bbox 310 1641 1563 1727">
    <p class='ocr_par' dir='ltr' id='par_1_5' title="bbox 310 1641 1563 1727">
     <span class='ocr_line' id='line_1_12' title="bbox 310 1641 1563 1727; baseline 0.001 -21"><span class='ocrx_word' id='word_1_90' title='bbox 310 1643 478 1725; x_wconf 88' lang='lat' dir='ltr'><strong>quominus</strong></span> <span class='ocrx_word' id='word_1_91' title='bbox 500 1644 643 1727; x_wconf 83' lang='lat' dir='ltr'><strong>cognatis</strong></span> <span class='ocrx_word' id='word_1_92' title='bbox 665 1643 846 1709; x_wconf 87' lang='lat' dir='ltr'><strong>nominibus</strong></span> <span class='ocrx_word' id='word_1_93' title='bbox 868 1642 1078 1726; x_wconf 88' lang='lat' dir='ltr'><strong>adpeHentur.</strong></span> <span class='ocrx_word' id='word_1_94' title='bbox 1129 1641 1193 1720; x_wconf 90' lang='lat' dir='ltr'><strong>Ita,</strong></span> <span class='ocrx_word' id='word_1_95' title='bbox 1215 1647 1252 1706; x_wconf 88' lang='lat' dir='ltr'><strong>ut</strong></span> <span class='ocrx_word' id='word_1_96' title='bbox 1273 1641 1334 1707; x_wconf 90' lang='lat' dir='ltr'><strong>hoc</strong></span> <span class='ocrx_word' id='word_1_97' title='bbox 1354 1646 1435 1719; x_wconf 87' lang='lat' dir='ltr'><strong>utar,</strong></span> <span class='ocrx_word' id='word_1_98' title='bbox 1560 1685 1563 1692; x_wconf 87' lang='lat'>·</span> 
     </span>
    </p>
   </div>
   <div class='ocr_carea' id='block_1_6' title="bbox 252 1743 1526 3911">
    <p class='ocr_par' dir='ltr' id='par_1_6' title="bbox 252 1743 1526 3911">
     <span class='ocr_line' id='line_1_13' title="bbox 311 1743 1433 1813; baseline 0.004 -5"><span class='ocrx_word' id='word_1_99' title='bbox 311 1743 430 1811; x_wconf 87' lang='lat' dir='ltr'><strong>Parcae</strong></span> <span class='ocrx_word' id='word_1_100' title='bbox 452 1745 583 1811; x_wconf 85' lang='lat' dir='ltr'><strong>Glothus</strong></span> <span class='ocrx_word' id='word_1_101' title='bbox 604 1747 722 1812; x_wconf 88' lang='lat' dir='ltr'><strong>sororis</strong></span> <span class='ocrx_word' id='word_1_102' title='bbox 741 1745 829 1812; x_wconf 89' lang='lat' dir='ltr'><strong>haud</strong></span> <span class='ocrx_word' id='word_1_103' title='bbox 851 1746 946 1813; x_wconf 90' lang='lat' dir='ltr'><strong>dubie</strong></span> <span class='ocrx_word' id='word_1_104' title='bbox 966 1747 1001 1812; x_wconf 90' lang='lat' dir='ltr'><strong>in</strong></span> <span class='ocrx_word' id='word_1_105' title='bbox 1019 1752 1119 1813; x_wconf 88' lang='lat' dir='ltr'><strong>semet</strong></span> <span class='ocrx_word' id='word_1_106' title='bbox 1145 1747 1328 1812; x_wconf 87' lang='lat' dir='ltr'><strong>conciliasse</strong></span> <span class='ocrx_word' id='word_1_107' title='bbox 1348 1745 1433 1813; x_wconf 82' lang='lat' dir='ltr'><strong>vide-</strong></span> 
     </span>
     <span class='ocr_line' id='line_1_14' title="bbox 311 1849 1433 1935; baseline 0 -20"><span class='ocrx_word' id='word_1_108' title='bbox 311 1849 427 1915; x_wconf 86' lang='lat' dir='ltr'><strong>bantur</strong></span> <span class='ocrx_word' id='word_1_109' title='bbox 447 1856 607 1930; x_wconf 87' lang='lat' dir='ltr'><strong>naturam,</strong></span> <span class='ocrx_word' id='word_1_110' title='bbox 639 1873 712 1917; x_wconf 85' lang='lat' dir='ltr'><strong>oum</strong></span> <span class='ocrx_word' id='word_1_111' title='bbox 731 1852 917 1918; x_wconf 82' lang='lat' dir='ltr'><strong>dicerentur·</strong></span> <span class='ocrx_word' id='word_1_112' title='bbox 935 1852 1094 1931; x_wconf 71' lang='grc' dir='ltr'><strong>Κλῶθες,</strong></span> <span class='ocrx_word' id='word_1_113' title='bbox 1119 1853 1199 1930; x_wconf 81' lang='lat' dir='ltr'><strong>sive,</strong></span> <span class='ocrx_word' id='word_1_114' title='bbox 1227 1851 1312 1935; x_wconf 86' lang='lat' dir='ltr'><strong>quod</strong></span> <span class='ocrx_word' id='word_1_115' title='bbox 1332 1852 1433 1916; x_wconf 89' lang='lat' dir='ltr'><strong>incer-</strong></span> 
     </span>
     <span class='ocr_line' id='line_1_15' title="bbox 311 1937 1438 2043; baseline 0.002 -24"><span class='ocrx_word' id='word_1_116' title='bbox 311 1955 375 2019; x_wconf 87' lang='lat' dir='ltr'><strong>tius</strong></span> <span class='ocrx_word' id='word_1_117' title='bbox 397 1960 456 2034; x_wconf 85' lang='lat' dir='ltr'><strong>sst,</strong></span> <span class='ocrx_word' id='word_1_118' title='bbox 481 1956 710 2034; x_wconf 73' lang='grc' dir='ltr'><strong><em>Κατακλῶθες</em></strong></span> <span class='ocrx_word' id='word_1_119' title='bbox 731 1955 817 2039; x_wconf 84' lang='lat' dir='ltr'><strong>apud</strong></span> <span class='ocrx_word' id='word_1_120' title='bbox 835 1957 961 2022; x_wconf 91' lang='lat' dir='ltr'><strong>Homer.</strong></span> <span class='ocrx_word' id='word_1_121' title='bbox 986 1955 1042 2021; x_wconf 89' lang='lat' dir='ltr'><strong>Od.</strong></span> <span class='ocrx_word' id='word_1_122' title='bbox 1066 1982 1083 2041; x_wconf 89' lang='grc' dir='ltr'><strong><em>η</em></strong></span> <span class='ocrx_word' id='word_1_123' title='bbox 1104 1963 1162 2025; x_wconf 85' lang='grc'><strong>197</strong></span> <span class='ocrx_word' id='word_1_124' title='bbox 1178 1955 1247 2043; x_wconf 87' lang='lat' dir='ltr'><strong>(cfr.</strong></span> <span class='ocrx_word' id='word_1_125' title='bbox 1263 1937 1438 2024; x_wconf 77' lang='lat' dir='ltr'><strong>Bbttmaun</strong></span> 
     </span>
     <span class='ocr_line' id='line_1_16' title="bbox 312 2061 1438 2150; baseline 0.004 -24"><span class='ocrx_word' id='word_1_126' title='bbox 312 2063 346 2126; x_wconf 91' lang='lat' dir='ltr'><strong>in</strong></span> <span class='ocrx_word' id='word_1_127' title='bbox 367 2062 453 2127; x_wconf 83' lang='lat' dir='ltr'><strong>Misc.</strong></span> <span class='ocrx_word' id='word_1_128' title='bbox 486 2061 555 2127; x_wconf 89' lang='lat' dir='ltr'><strong>crit.</strong></span> <span class='ocrx_word' id='word_1_129' title='bbox 577 2062 610 2126; x_wconf 91' lang='grc' dir='ltr'><em>Π</em></span> <span class='ocrx_word' id='word_1_130' title='bbox 630 2083 661 2144; x_wconf 86' lang='lat' dir='ltr'><strong>p.</strong></span> <span class='ocrx_word' id='word_1_131' title='bbox 685 2067 705 2129; x_wconf 83' lang='lat'><strong>3</strong></span> <span class='ocrx_word' id='word_1_132' title='bbox 726 2084 756 2145; x_wconf 89' lang='lat' dir='ltr'><strong>p.</strong></span> <span class='ocrx_word' id='word_1_133' title='bbox 780 2070 842 2131; x_wconf 83' lang='lat'><strong>504</strong></span> <span class='ocrx_word' id='word_1_134' title='bbox 863 2068 898 2128; x_wconf 87' lang='lat' dir='ltr'><strong>et</strong></span> <span class='ocrx_word' id='word_1_135' title='bbox 926 2061 1055 2130; x_wconf 85' lang='lat' dir='ltr'><strong>Nitzsch</strong></span> <span class='ocrx_word' id='word_1_136' title='bbox 1082 2062 1123 2128; x_wconf 89' lang='lat' dir='ltr'><strong>ad</strong></span> <span class='ocrx_word' id='word_1_137' title='bbox 1152 2063 1260 2150; x_wconf 86' lang='lat' dir='ltr'><strong>Odyss.</strong></span> <span class='ocrx_word' id='word_1_138' title='bbox 1291 2065 1311 2130; x_wconf 90' lang='lat' dir='ltr'><strong>l.</strong></span> <span class='ocrx_word' id='word_1_139' title='bbox 1332 2065 1365 2150; x_wconf 89' lang='lat' dir='ltr'><strong>l.)</strong></span> <span class='ocrx_word' id='word_1_140' title='bbox 1388 2064 1438 2130; x_wconf 85' lang='lat' dir='ltr'><strong>vel</strong></span> 
     </span>
     <span class='ocr_line' id='line_1_17' title="bbox 314 2159 1437 2249; baseline 0.007 -24"><span class='ocrx_word' id='word_1_141' title='bbox 314 2163 485 2239; x_wconf 69' lang='grc' dir='ltr'><strong><em>Κλωθαῖες</em></strong></span> <span class='ocrx_word' id='word_1_142' title='bbox 498 2159 819 2249; x_wconf 73' lang='grc' dir='ltr'><strong><em>ἅρπυιαι-μέλαιναι</em></strong></span> <span class='ocrx_word' id='word_1_143' title='bbox 841 2163 927 2245; x_wconf 89' lang='lat' dir='ltr'><strong>apud</strong></span> <span class='ocrx_word' id='word_1_144' title='bbox 943 2164 1129 2231; x_wconf 84' lang='lat' dir='ltr'><strong>Marcellum</strong></span> <span class='ocrx_word' id='word_1_145' title='bbox 1149 2165 1184 2230; x_wconf 92' lang='lat' dir='ltr'><strong>in</strong></span> <span class='ocrx_word' id='word_1_146' title='bbox 1201 2165 1337 2232; x_wconf 73' lang='lat' dir='ltr'><strong>Brunclu</strong></span> <span class='ocrx_word' id='word_1_147' title='bbox 1346 2166 1437 2232; x_wconf 81' lang='lat' dir='ltr'><strong>Anal.</strong></span> 
     </span>
     <span class='ocr_line' id='line_1_18' title="bbox 311 2261 1434 2355; baseline 0.006 -25"><span class='ocrx_word' id='word_1_148' title='bbox 311 2265 343 2330; x_wconf 92' lang='grc' dir='ltr'>Π</span> <span class='ocrx_word' id='word_1_149' title='bbox 358 2271 477 2347; x_wconf 77' lang='grc' dir='ltr'>ρ.308,</span> <span class='ocrx_word' id='word_1_150' title='bbox 499 2265 615 2350; x_wconf 89' lang='lat' dir='ltr'><strong>quibus</strong></span> <span class='ocrx_word' id='word_1_151' title='bbox 636 2287 811 2349; x_wconf 88' lang='lat' dir='ltr'><strong>conparare</strong></span> <span class='ocrx_word' id='word_1_152' title='bbox 831 2266 934 2346; x_wconf 81' lang='lat' dir='ltr'><strong>lubet,</strong></span> <span class='ocrx_word' id='word_1_153' title='bbox 956 2267 1041 2351; x_wconf 88' lang='lat' dir='ltr'><strong>quod</strong></span> <span class='ocrx_word' id='word_1_154' title='bbox 1059 2261 1220 2355; x_wconf 77' lang='grc' dir='ltr'><strong><em>Ἀχελῷος</em></strong></span> <span class='ocrx_word' id='word_1_155' title='bbox 1242 2270 1327 2353; x_wconf 91' lang='lat' dir='ltr'><strong>apud</strong></span> <span class='ocrx_word' id='word_1_156' title='bbox 1338 2271 1434 2338; x_wconf 80' lang='lat' dir='ltr'><strong>Grae·</strong></span> 
     </span>
     <span class='ocr_line' id='line_1_19' title="bbox 310 2371 1439 2463; baseline 0.004 -26"><span class='ocrx_word' id='word_1_157' title='bbox 310 2393 363 2437; x_wconf 86' lang='lat' dir='ltr'><strong>cos</strong></span> <span class='ocrx_word' id='word_1_158' title='bbox 391 2376 514 2438; x_wconf 85' lang='lat' dir='ltr'><strong>veteres</strong></span> <span class='ocrx_word' id='word_1_159' title='bbox 543 2372 578 2436; x_wconf 92' lang='lat' dir='ltr'><strong>in</strong></span> <span class='ocrx_word' id='word_1_160' title='bbox 606 2371 751 2463; x_wconf 82' lang='lat' dir='ltr'><strong>augurali</strong></span> <span class='ocrx_word' id='word_1_161' title='bbox 781 2371 951 2454; x_wconf 84' lang='lat' dir='ltr'><strong>disciplina</strong></span> <span class='ocrx_word' id='word_1_162' title='bbox 979 2372 1018 2438; x_wconf 86' lang='lat' dir='ltr'><strong>da</strong></span> <span class='ocrx_word' id='word_1_163' title='bbox 1047 2373 1133 2439; x_wconf 92' lang='lat' dir='ltr'><strong>omni</strong></span> <span class='ocrx_word' id='word_1_164' title='bbox 1159 2371 1327 2440; x_wconf 84' lang='lat' dir='ltr'><strong>fluviorum</strong></span> <span class='ocrx_word' id='word_1_165' title='bbox 1355 2389 1439 2459; x_wconf 85' lang='lat' dir='ltr'><strong>aqua</strong></span> 
     </span>
     <span class='ocr_line' id='line_1_20' title="bbox 310 2475 1435 2564; baseline 0.002 -23"><span class='ocrx_word' id='word_1_166' title='bbox 310 2475 373 2542; x_wconf 90' lang='lat' dir='ltr'><strong>dici</strong></span> <span class='ocrx_word' id='word_1_167' title='bbox 395 2476 530 2556; x_wconf 85' lang='lat' dir='ltr'><strong>solebat,</strong></span> <span class='ocrx_word' id='word_1_168' title='bbox 550 2476 729 2561; x_wconf 71' lang='lat' dir='ltr'><strong>quatiere</strong></span> <span class='ocrx_word' id='word_1_169' title='bbox 750 2476 930 2564; x_wconf 87' lang='lat' dir='ltr'><strong>luculentus</strong></span> <span class='ocrx_word' id='word_1_170' title='bbox 951 2480 999 2542; x_wconf 88' lang='lat' dir='ltr'><strong>est</strong></span> <span class='ocrx_word' id='word_1_171' title='bbox 1020 2477 1112 2543; x_wconf 85' lang='lat' dir='ltr'><strong>tastis</strong></span> <span class='ocrx_word' id='word_1_172' title='bbox 1133 2476 1281 2559; x_wconf 75' lang='lat' dir='ltr'><strong>Ephorum</strong></span> <span class='ocrx_word' id='word_1_173' title='bbox 1303 2497 1353 2560; x_wconf 89' lang='lat' dir='ltr'><strong>ap.</strong></span> <span class='ocrx_word' id='word_1_174' title='bbox 1370 2477 1435 2543; x_wconf 91' lang='lat' dir='ltr'><strong>Ma·</strong></span> 
     </span>
     <span class='ocr_line' id='line_1_21' title="bbox 309 2573 1526 2669; baseline -0.001 -20"><span class='ocrx_word' id='word_1_175' title='bbox 309 2583 453 2651; x_wconf 73' lang='lat' dir='ltr'><strong>cambium</strong></span> <span class='ocrx_word' id='word_1_176' title='bbox 474 2582 539 2648; x_wconf 81' lang='lat' dir='ltr'><strong>Sat.</strong></span> <span class='ocrx_word' id='word_1_177' title='bbox 557 2583 593 2662; x_wconf 88' lang='lat' dir='ltr'><strong>V,</strong></span> <span class='ocrx_word' id='word_1_178' title='bbox 611 2587 655 2662; x_wconf 82' lang='lat'><strong>18,</strong></span> <span class='ocrx_word' id='word_1_179' title='bbox 676 2589 696 2650; x_wconf 82' lang='lat'><strong>6</strong></span> <span class='ocrx_word' id='word_1_180' title='bbox 718 2586 779 2648; x_wconf 84' lang='grc' dir='ltr'><strong>τοῦ</strong></span> <span class='ocrx_word' id='word_1_181' title='bbox 792 2577 958 2669; x_wconf 77' lang='grc' dir='ltr'><strong><em>Ἀχελῴου</em></strong></span> <span class='ocrx_word' id='word_1_182' title='bbox 975 2579 1033 2667; x_wconf 81' lang='grc' dir='ltr'><strong>τήν</strong></span> <span class='ocrx_word' id='word_1_183' title='bbox 1055 2579 1144 2648; x_wconf 81' lang='grc' dir='ltr'><strong><em>ἰδίαν</em></strong></span> <span class='ocrx_word' id='word_1_184' title='bbox 1164 2580 1357 2660; x_wconf 78' lang='grc' dir='ltr'><strong><em>ἐπωνυμίαν</em></strong></span> <span class='ocrx_word' id='word_1_185' title='bbox 1381 2583 1437 2648; x_wconf 80' lang='grc' dir='ltr'><strong>ἐπὶ</strong></span> <span class='ocrx_word' id='word_1_186' title='bbox 1471 2647 1473 2652; x_wconf 79' lang='grc'>,</span> <span class='ocrx_word' id='word_1_187' title='bbox 1521 2573 1526 2580; x_wconf 60' lang='grc'>’</span> 
     </span>
     <span class='ocr_line' id='line_1_22' title="bbox 309 2683 1515 2772; baseline -0.001 -21"><span class='ocrx_word' id='word_1_188' title='bbox 309 2684 348 2751; x_wconf 76' lang='grc' dir='ltr'><strong>τὸ</strong></span> <span class='ocrx_word' id='word_1_189' title='bbox 368 2684 479 2751; x_wconf 82' lang='grc' dir='ltr'><strong><em>καινὸν</em></strong></span> <span class='ocrx_word' id='word_1_190' title='bbox 494 2685 742 2772; x_wconf 80' lang='grc' dir='ltr'><strong><em>μεταφέροντες</em></strong></span> <span class='ocrx_word' id='word_1_191' title='bbox 763 2685 843 2750; x_wconf 82' lang='lat' dir='ltr'><strong>conl</strong></span> <span class='ocrx_word' id='word_1_192' title='bbox 857 2685 1042 2750; x_wconf 86' lang='lat' dir='ltr'><strong>Hermanno</strong></span> <span class='ocrx_word' id='word_1_193' title='bbox 1063 2684 1083 2748; x_wconf 90' lang='lat' dir='ltr'><strong>l.</strong></span> <span class='ocrx_word' id='word_1_194' title='bbox 1097 2684 1118 2748; x_wconf 96' lang='lat' dir='ltr'><strong>l.</strong></span> <span class='ocrx_word' id='word_1_195' title='bbox 1131 2705 1161 2768; x_wconf 87' lang='lat' dir='ltr'><strong>p.</strong></span> <span class='ocrx_word' id='word_1_196' title='bbox 1178 2689 1241 2752; x_wconf 80' lang='lat'><strong>804</strong></span> <span class='ocrx_word' id='word_1_197' title='bbox 1260 2690 1294 2750; x_wconf 83' lang='lat' dir='ltr'><strong>et</strong></span> <span class='ocrx_word' id='word_1_198' title='bbox 1312 2683 1438 2752; x_wconf 74' lang='lat' dir='ltr'><strong>lnbeck</strong></span> <span class='ocrx_word' id='word_1_199' title='bbox 1513 2719 1515 2724; x_wconf 95' lang='lat'>·</span> 
     </span>
     <span class='ocr_line' id='line_1_23' title="bbox 310 2777 1438 2874; baseline 0.001 -21"><span class='ocrx_word' id='word_1_200' title='bbox 310 2787 465 2873; x_wconf 81' lang='lat' dir='ltr'><strong>Aglaoph.</strong></span> <span class='ocrx_word' id='word_1_201' title='bbox 479 2807 510 2869; x_wconf 91' lang='lat' dir='ltr'><strong>p.</strong></span> <span class='ocrx_word' id='word_1_202' title='bbox 527 2789 597 2865; x_wconf 83' lang='lat'>883,</span> <span class='ocrx_word' id='word_1_203' title='bbox 619 2787 668 2851; x_wconf 85' lang='lat' dir='ltr'><strong>vel</strong></span> <span class='ocrx_word' id='word_1_204' title='bbox 684 2786 770 2870; x_wconf 90' lang='lat' dir='ltr'><strong>quod</strong></span> <span class='ocrx_word' id='word_1_205' title='bbox 785 2786 896 2854; x_wconf 82' lang='lat' dir='ltr'><strong>eadem</strong></span> <span class='ocrx_word' id='word_1_206' title='bbox 913 2777 1236 2874; x_wconf 61' lang='lat' dir='ltr'><strong>ncenm’toavpog,</strong></span> <span class='ocrx_word' id='word_1_207' title='bbox 1257 2787 1438 2854; x_wconf 86' lang='lat' dir='ltr'><strong>Tbessaliae</strong></span> 
     </span>
     <span class='ocr_line' id='line_1_24' title="bbox 311 2884 1438 2972; baseline 0.003 -21"><span class='ocrx_word' id='word_1_208' title='bbox 311 2885 441 2965; x_wconf 88' lang='lat' dir='ltr'><strong>flumen,</strong></span> <span class='ocrx_word' id='word_1_209' title='bbox 464 2886 504 2952; x_wconf 89' lang='lat' dir='ltr'><strong>de</strong></span> <span class='ocrx_word' id='word_1_210' title='bbox 522 2884 666 2970; x_wconf 88' lang='lat' dir='ltr'><strong>quolibet</strong></span> <span class='ocrx_word' id='word_1_211' title='bbox 679 2890 820 2953; x_wconf 84' lang='lat' dir='ltr'><strong>torrente</strong></span> <span class='ocrx_word' id='word_1_212' title='bbox 835 2886 988 2965; x_wconf 85' lang='lat' dir='ltr'><strong>occurrit,</strong></span> <span class='ocrx_word' id='word_1_213' title='bbox 1010 2907 1202 2971; x_wconf 89' lang='lat' dir='ltr'><strong>quamquam</strong></span> <span class='ocrx_word' id='word_1_214' title='bbox 1214 2887 1249 2952; x_wconf 89' lang='lat' dir='ltr'><strong>in</strong></span> <span class='ocrx_word' id='word_1_215' title='bbox 1264 2887 1337 2967; x_wconf 86' lang='lat' dir='ltr'><strong>hoc,</strong></span> <span class='ocrx_word' id='word_1_216' title='bbox 1353 2889 1438 2972; x_wconf 87' lang='lat' dir='ltr'><strong>quod</strong></span> 
     </span>
     <span class='ocr_line' id='line_1_25' title="bbox 252 2983 1437 3076; baseline 0.007 -23"><span class='ocrx_word' id='word_1_217' title='bbox 252 3066 254 3071; x_wconf 65' lang='lat'>,</span> <span class='ocrx_word' id='word_1_218' title='bbox 310 2989 510 3058; x_wconf 84' lang='lat' dir='ltr'><strong>referendum</strong></span> <span class='ocrx_word' id='word_1_219' title='bbox 529 2993 579 3056; x_wconf 87' lang='lat' dir='ltr'><strong>est</strong></span> <span class='ocrx_word' id='word_1_220' title='bbox 600 2988 642 3055; x_wconf 86' lang='lat' dir='ltr'><strong>ad</strong></span> <span class='ocrx_word' id='word_1_221' title='bbox 664 2983 775 3056; x_wconf 79' lang='grc' dir='ltr'><strong><em>ναύειν</em></strong></span> <span class='ocrx_word' id='word_1_222' title='bbox 788 2990 935 3056; x_wconf 68' lang='lat' dir='ltr'><strong>:uuam</strong></span> <span class='ocrx_word' id='word_1_223' title='bbox 960 2990 1102 3076; x_wconf 80' lang='lat' dir='ltr'><strong>(Lobock</strong></span> <span class='ocrx_word' id='word_1_224' title='bbox 1123 2991 1234 3062; x_wconf 87' lang='lat' dir='ltr'><strong>Rham.</strong></span> <span class='ocrx_word' id='word_1_225' title='bbox 1256 3013 1286 3076; x_wconf 87' lang='lat' dir='ltr'><strong>p.</strong></span> <span class='ocrx_word' id='word_1_226' title='bbox 1299 2999 1378 3061; x_wconf 77' lang='lat'><strong>2711.</strong></span> <span class='ocrx_word' id='word_1_227' title='bbox 1395 2999 1437 3061; x_wconf 88' lang='grc'><strong>46</strong></span> 
     </span>
     <span class='ocr_line' id='line_1_26' title="bbox 309 3094 1437 3184; baseline 0.002 -22"><span class='ocrx_word' id='word_1_228' title='bbox 309 3097 456 3164; x_wconf 87' lang='lat' dir='ltr'><strong>Meinske</strong></span> <span class='ocrx_word' id='word_1_229' title='bbox 484 3096 527 3161; x_wconf 86' lang='lat' dir='ltr'><strong>ad</strong></span> <span class='ocrx_word' id='word_1_230' title='bbox 555 3094 677 3165; x_wconf 83' lang='lat' dir='ltr'><strong>Gallim.</strong></span> <span class='ocrx_word' id='word_1_231' title='bbox 705 3117 736 3178; x_wconf 90' lang='lat' dir='ltr'><strong>p.</strong></span> <span class='ocrx_word' id='word_1_232' title='bbox 758 3098 828 3183; x_wconf 87' lang='grc'>49),</span> <span class='ocrx_word' id='word_1_233' title='bbox 852 3095 983 3179; x_wconf 85' lang='lat' dir='ltr'><strong>pronior</strong></span> <span class='ocrx_word' id='word_1_234' title='bbox 1007 3100 1078 3161; x_wconf 89' lang='lat' dir='ltr'><strong>orat</strong></span> <span class='ocrx_word' id='word_1_235' title='bbox 1105 3096 1147 3162; x_wconf 89' lang='lat' dir='ltr'><strong>ad</strong></span> <span class='ocrx_word' id='word_1_236' title='bbox 1175 3097 1309 3163; x_wconf 90' lang='lat' dir='ltr'><strong>abusum</strong></span> <span class='ocrx_word' id='word_1_237' title='bbox 1338 3099 1437 3184; x_wconf 76' lang='lat' dir='ltr'><strong>via*).</strong></span> 
     </span>
     <span class='ocr_line' id='line_1_27' title="bbox 309 3198 1436 3284; baseline -0.001 -16"><span class='ocrx_word' id='word_1_238' title='bbox 309 3202 417 3268; x_wconf 84' lang='lat' dir='ltr'><strong>Potest</strong></span> <span class='ocrx_word' id='word_1_239' title='bbox 439 3207 547 3268; x_wconf 88' lang='lat' dir='ltr'><strong>autom</strong></span> <span class='ocrx_word' id='word_1_240' title='bbox 567 3200 670 3267; x_wconf 80' lang='lat' dir='ltr'><strong>videri</strong></span> <span class='ocrx_word' id='word_1_241' title='bbox 690 3201 754 3265; x_wconf 88' lang='lat' dir='ltr'><strong>ista</strong></span> <span class='ocrx_word' id='word_1_242' title='bbox 773 3199 938 3264; x_wconf 84' lang='lat' dir='ltr'><strong>Musarum</strong></span> <span class='ocrx_word' id='word_1_243' title='bbox 959 3198 1174 3264; x_wconf 85' lang='lat' dir='ltr'><strong>denominatio</strong></span> <span class='ocrx_word' id='word_1_244' title='bbox 1203 3200 1436 3284; x_wconf 84' lang='lat' dir='ltr'><strong>quammaxime</strong></span> 
     </span>
     <span class='ocr_line' id='line_1_28' title="bbox 308 3302 1438 3392; baseline 0 -22"><span class='ocrx_word' id='word_1_245' title='bbox 308 3307 580 3392; x_wconf 80' lang='lat' dir='ltr'><strong>Pythagoreorum</strong></span> <span class='ocrx_word' id='word_1_246' title='bbox 611 3303 716 3388; x_wconf 85' lang='lat' dir='ltr'><strong>gratia</strong></span> <span class='ocrx_word' id='word_1_247' title='bbox 746 3302 935 3368; x_wconf 85' lang='lat' dir='ltr'><strong>resuscitata</strong></span> <span class='ocrx_word' id='word_1_248' title='bbox 966 3321 1047 3380; x_wconf 86' lang='lat' dir='ltr'><strong>esse,</strong></span> <span class='ocrx_word' id='word_1_249' title='bbox 1081 3303 1196 3386; x_wconf 89' lang='lat' dir='ltr'><strong>quibus</strong></span> <span class='ocrx_word' id='word_1_250' title='bbox 1231 3311 1438 3388; x_wconf 84' lang='lat' dir='ltr'><strong>praeceptum</strong></span> 
     </span>
     <span class='ocr_line' id='line_1_29' title="bbox 308 3399 1438 3496; baseline -0.002 -20"><span class='ocrx_word' id='word_1_251' title='bbox 308 3409 406 3475; x_wconf 83' lang='lat' dir='ltr'><strong>fuisse</strong></span> <span class='ocrx_word' id='word_1_252' title='bbox 425 3410 551 3473; x_wconf 82' lang='lat' dir='ltr'><strong>constat</strong></span> <span class='ocrx_word' id='word_1_253' title='bbox 570 3404 629 3492; x_wconf 89' lang='grc' dir='ltr'><strong>τήν</strong></span> <span class='ocrx_word' id='word_1_254' title='bbox 649 3401 779 3492; x_wconf 82' lang='grc' dir='ltr'><strong><em>μνήμην</em></strong></span> <span class='ocrx_word' id='word_1_255' title='bbox 796 3399 910 3472; x_wconf 72' lang='grc' dir='ltr'><strong><em>ἀσκεῖν</em></strong></span> <span class='ocrx_word' id='word_1_256' title='bbox 932 3426 954 3470; x_wconf 91' lang='lat' dir='ltr'><strong>s.</strong></span> <span class='ocrx_word' id='word_1_257' title='bbox 974 3407 1159 3472; x_wconf 88' lang='lat' dir='ltr'><strong>memoriam</strong></span> <span class='ocrx_word' id='word_1_258' title='bbox 1179 3407 1282 3475; x_wconf 89' lang='lat' dir='ltr'><strong>colere</strong></span> <span class='ocrx_word' id='word_1_259' title='bbox 1298 3409 1438 3496; x_wconf 86' lang='lat' dir='ltr'><strong>(Lobech</strong></span> 
     </span>
     <span class='ocr_line' id='line_1_30' title="bbox 309 3504 1438 3593; baseline 0.001 -20"><span class='ocrx_word' id='word_1_260' title='bbox 309 3507 466 3593; x_wconf 81' lang='lat' dir='ltr'><strong>Aglaoph.</strong></span> <span class='ocrx_word' id='word_1_261' title='bbox 480 3525 510 3588; x_wconf 91' lang='lat' dir='ltr'><strong>p.</strong></span> <span class='ocrx_word' id='word_1_262' title='bbox 522 3504 660 3592; x_wconf 80' lang='lat' dir='ltr'><strong>732sq.)‚</strong></span> <span class='ocrx_word' id='word_1_263' title='bbox 681 3508 797 3569; x_wconf 87' lang='lat' dir='ltr'><strong>utnon</strong></span> <span class='ocrx_word' id='word_1_264' title='bbox 810 3504 961 3570; x_wconf 85' lang='lat' dir='ltr'><strong>inmerito</strong></span> <span class='ocrx_word' id='word_1_265' title='bbox 980 3508 1118 3570; x_wconf 78' lang='grc' dir='ltr'><strong><em>Μνειιῦν</em></strong></span> <span class='ocrx_word' id='word_1_266' title='bbox 1135 3505 1298 3573; x_wconf 87' lang='lat' dir='ltr'><strong>Musarum</strong></span> <span class='ocrx_word' id='word_1_267' title='bbox 1323 3529 1438 3578; x_wconf 89' lang='lat' dir='ltr'><strong>nomen</strong></span> 
     </span>
     <span class='ocr_line' id='line_1_31' title="bbox 310 3607 1433 3698; baseline -0.001 -18"><span class='ocrx_word' id='word_1_268' title='bbox 310 3612 542 3697; x_wconf 89' lang='lat' dir='ltr'><strong>antiquioribus</strong></span> <span class='ocrx_word' id='word_1_269' title='bbox 556 3612 714 3696; x_wconf 85' lang='lat' dir='ltr'><strong>ignotum,</strong></span> <span class='ocrx_word' id='word_1_270' title='bbox 733 3631 754 3677; x_wconf 91' lang='lat' dir='ltr'><strong>a</strong></span> <span class='ocrx_word' id='word_1_271' title='bbox 769 3609 989 3696; x_wconf 80' lang='lat' dir='ltr'><strong>Pythagoricis</strong></span> <span class='ocrx_word' id='word_1_272' title='bbox 1002 3607 1129 3674; x_wconf 86' lang='lat' dir='ltr'><strong>demum</strong></span> <span class='ocrx_word' id='word_1_273' title='bbox 1144 3610 1305 3678; x_wconf 86' lang='lat' dir='ltr'><strong>invectum</strong></span> <span class='ocrx_word' id='word_1_274' title='bbox 1317 3617 1353 3679; x_wconf 74' lang='lat' dir='ltr'><strong>&#39;et</strong></span> <span class='ocrx_word' id='word_1_275' title='bbox 1367 3635 1433 3698; x_wconf 83' lang='lat' dir='ltr'><strong>my·</strong></span> 
     </span>
     <span class='ocr_line' id='line_1_32' title="bbox 310 3711 1436 3803; baseline -0.001 -19"><span class='ocrx_word' id='word_1_276' title='bbox 310 3718 470 3803; x_wconf 84' lang='lat' dir='ltr'><strong>tholegias</strong></span> <span class='ocrx_word' id='word_1_277' title='bbox 491 3716 582 3801; x_wconf 90' lang='lat' dir='ltr'><strong>quasi</strong></span> <span class='ocrx_word' id='word_1_278' title='bbox 602 3716 758 3782; x_wconf 87' lang='lat' dir='ltr'><strong>insertum</strong></span> <span class='ocrx_word' id='word_1_279' title='bbox 779 3713 962 3797; x_wconf 76' lang='lat' dir='ltr'><strong>auspiceris,</strong></span> <span class='ocrx_word' id='word_1_280' title='bbox 990 3717 1028 3776; x_wconf 86' lang='lat' dir='ltr'><strong>ut</strong></span> <span class='ocrx_word' id='word_1_281' title='bbox 1047 3711 1135 3795; x_wconf 84' lang='lat' dir='ltr'><strong>ipsae</strong></span> <span class='ocrx_word' id='word_1_282' title='bbox 1156 3717 1308 3799; x_wconf 86' lang='lat' dir='ltr'><strong>tanquam</strong></span> <span class='ocrx_word' id='word_1_283' title='bbox 1326 3716 1436 3783; x_wconf 87' lang='lat' dir='ltr'><strong>Musae</strong></span> 
     </span>
     <span class='ocr_line' id='line_1_33' title="bbox 309 3817 1436 3911; baseline -0.002 -21"><span class='ocrx_word' id='word_1_284' title='bbox 309 3824 386 3890; x_wconf 89' lang='lat' dir='ltr'><strong>huic</strong></span> <span class='ocrx_word' id='word_1_285' title='bbox 400 3822 562 3889; x_wconf 75' lang='lat' dir='ltr'><strong>doctrinas</strong></span> <span class='ocrx_word' id='word_1_286' title='bbox 576 3821 762 3911; x_wconf 78' lang='lat' dir='ltr'><strong>viderentur</strong></span> <span class='ocrx_word' id='word_1_287' title='bbox 777 3819 967 3903; x_wconf 82' lang='lat' dir='ltr'><strong>praelusisse</strong></span> <span class='ocrx_word' id='word_1_288' title='bbox 974 3819 1033 3905; x_wconf 77' lang='lat'><strong>**).</strong></span> <span class='ocrx_word' id='word_1_289' title='bbox 1068 3817 1115 3884; x_wconf 86' lang='lat' dir='ltr'><strong>Ac</strong></span> <span class='ocrx_word' id='word_1_290' title='bbox 1134 3819 1240 3885; x_wconf 85' lang='lat' dir='ltr'><strong>nescio</strong></span> <span class='ocrx_word' id='word_1_291' title='bbox 1261 3841 1304 3888; x_wconf 87' lang='lat' dir='ltr'><strong>an</strong></span> <span class='ocrx_word' id='word_1_292' title='bbox 1324 3821 1436 3890; x_wconf 84' lang='lat' dir='ltr'><strong>cadom</strong></span> 
     </span>
    </p>
   </div>
   <div class='ocr_carea' id='block_1_7' title="bbox 308 4030 1435 4550">
    <p class='ocr_par' dir='ltr' id='par_1_7' title="bbox 309 4030 1434 4194">
     <span class='ocr_line' id='line_1_34' title="bbox 379 4030 1434 4112; baseline 0.004 -22"><span class='ocrx_word' id='word_1_293' title='bbox 379 4037 406 4105; x_wconf 72' lang='lat' dir='ltr'><strong>*l</strong></span> <span class='ocrx_word' id='word_1_294' title='bbox 428 4039 485 4091; x_wconf 88' lang='lat' dir='ltr'><strong>Hoc</strong></span> <span class='ocrx_word' id='word_1_295' title='bbox 504 4039 647 4091; x_wconf 75' lang='lat' dir='ltr'><strong>schematis</strong></span> <span class='ocrx_word' id='word_1_296' title='bbox 672 4056 757 4106; x_wconf 74' lang='lat' dir='ltr'><strong>genus</strong></span> <span class='ocrx_word' id='word_1_297' title='bbox 778 4040 820 4105; x_wconf 74' lang='lat' dir='ltr'><strong>(be</strong></span> <span class='ocrx_word' id='word_1_298' title='bbox 836 4043 941 4112; x_wconf 80' lang='grc' dir='ltr'><strong><em>μέρους</em></strong></span> <span class='ocrx_word' id='word_1_299' title='bbox 962 4037 993 4092; x_wconf 87' lang='grc' dir='ltr'><strong>τὸ</strong></span> <span class='ocrx_word' id='word_1_300' title='bbox 1011 4043 1071 4093; x_wconf 81' lang='grc' dir='ltr'><strong>πᾶν</strong></span> <span class='ocrx_word' id='word_1_301' title='bbox 1088 4039 1132 4092; x_wconf 78' lang='lat' dir='ltr'><strong>vel</strong></span> <span class='ocrx_word' id='word_1_302' title='bbox 1151 4030 1224 4100; x_wconf 72' lang='grc' dir='ltr'><strong><em>εἶδος</em></strong></span> <span class='ocrx_word' id='word_1_303' title='bbox 1246 4042 1308 4095; x_wconf 71' lang='grc' dir='ltr'><strong><em>ἀντὶ</em></strong></span> <span class='ocrx_word' id='word_1_304' title='bbox 1326 4046 1434 4112; x_wconf 68' lang='grc' dir='ltr'><strong>γένους)</strong></span> 
     </span>
     <span class='ocr_line' id='line_1_35' title="bbox 309 4125 1251 4194; baseline 0.001 -12"><span class='ocrx_word' id='word_1_305' title='bbox 309 4130 433 4182; x_wconf 77' lang='lat' dir='ltr'><strong>adsumta</strong></span> <span class='ocrx_word' id='word_1_306' title='bbox 451 4135 478 4180; x_wconf 87' lang='lat' dir='ltr'><strong>ut</strong></span> <span class='ocrx_word' id='word_1_307' title='bbox 497 4128 565 4180; x_wconf 84' lang='lat' dir='ltr'><strong>solet</strong></span> <span class='ocrx_word' id='word_1_308' title='bbox 585 4129 705 4181; x_wconf 83' lang='lat' dir='ltr'><strong>doctrina</strong></span> <span class='ocrx_word' id='word_1_309' title='bbox 721 4130 839 4182; x_wconf 81' lang='lat' dir='ltr'><strong>tractavit</strong></span> <span class='ocrx_word' id='word_1_310' title='bbox 855 4127 966 4182; x_wconf 83' lang='lat' dir='ltr'><strong>Lobeck</strong></span> <span class='ocrx_word' id='word_1_311' title='bbox 983 4127 1076 4182; x_wconf 80' lang='lat' dir='ltr'><strong>Rham.</strong></span> <span class='ocrx_word' id='word_1_312' title='bbox 1097 4143 1123 4194; x_wconf 88' lang='lat' dir='ltr'><strong>p.</strong></span> <span class='ocrx_word' id='word_1_313' title='bbox 1143 4125 1194 4180; x_wconf 77' lang='lat'><strong>3³4</strong></span> <span class='ocrx_word' id='word_1_314' title='bbox 1212 4143 1251 4194; x_wconf 71' lang='lat' dir='ltr'><strong>sp.</strong></span> 
     </span>
    </p>

    <p class='ocr_par' dir='ltr' id='par_1_8' title="bbox 308 4206 1435 4550">
     <span class='ocr_line' id='line_1_36' title="bbox 377 4206 1433 4288; baseline 0.005 -19"><span class='ocrx_word' id='word_1_315' title='bbox 377 4215 422 4282; x_wconf 69' lang='lat' dir='ltr'><strong>”l</strong></span> <span class='ocrx_word' id='word_1_316' title='bbox 443 4212 540 4270; x_wconf 76' lang='grc' dir='ltr'><strong><em>Πάντα</em></strong></span> <span class='ocrx_word' id='word_1_317' title='bbox 562 4213 608 4270; x_wconf 71' lang='lat' dir='ltr'><strong>silui</strong></span> <span class='ocrx_word' id='word_1_318' title='bbox 632 4212 748 4288; x_wconf 83' lang='grc' dir='ltr'><strong><em>μνήμην</em></strong></span> <span class='ocrx_word' id='word_1_319' title='bbox 770 4206 939 4279; x_wconf 64' lang='lat' dir='ltr'><strong>tuomum</strong></span> <span class='ocrx_word' id='word_1_320' title='bbox 957 4210 1150 4286; x_wconf 67' lang='grc' dir='ltr'><strong><em>ἀνθρώποισιν</em></strong></span> <span class='ocrx_word' id='word_1_321' title='bbox 1176 4217 1254 4284; x_wconf 81' lang='lat' dir='ltr'><strong>Orph.</strong></span> <span class='ocrx_word' id='word_1_322' title='bbox 1277 4220 1433 4286; x_wconf 71' lang='lat' dir='ltr'><strong>Apoapum·</strong></span> 
     </span>
     <span class='ocr_line' id='line_1_37' title="bbox 308 4306 1435 4378; baseline 0.004 -20"><span class='ocrx_word' id='word_1_323' title='bbox 308 4306 632 4373; x_wconf 72' lang='lat' dir='ltr'><strong>xxvm‚18p.48711.,</strong></span> <span class='ocrx_word' id='word_1_324' title='bbox 654 4306 878 4373; x_wconf 86' lang='lat' dir='ltr'><strong>quemadmodum</strong></span> <span class='ocrx_word' id='word_1_325' title='bbox 897 4306 994 4358; x_wconf 87' lang='lat' dir='ltr'><strong>Herod.</strong></span> <span class='ocrx_word' id='word_1_326' title='bbox 1007 4307 1040 4370; x_wconf 90' lang='lat' dir='ltr'><strong>ll,</strong></span> <span class='ocrx_word' id='word_1_327' title='bbox 1060 4307 1091 4357; x_wconf 78' lang='lat' dir='ltr'><strong>m</strong></span> <span class='ocrx_word' id='word_1_328' title='bbox 1111 4307 1255 4378; x_wconf 74' lang='lat' dir='ltr'><strong>Aegyptios</strong></span> <span class='ocrx_word' id='word_1_329' title='bbox 1276 4309 1435 4374; x_wconf 82' lang='lat' dir='ltr'><strong>praedicavit</strong></span> 
     </span>
     <span class='ocr_line' id='line_1_38' title="bbox 308 4386 1434 4468; baseline -0.003 -20"><span class='ocrx_word' id='word_1_330' title='bbox 308 4399 405 4463; x_wconf 80' lang='lat' dir='ltr'><strong>quippe</strong></span> <span class='ocrx_word' id='word_1_331' title='bbox 433 4389 549 4468; x_wconf 80' lang='grc' dir='ltr'><strong><em>μνήμην</em></strong></span> <span class='ocrx_word' id='word_1_332' title='bbox 572 4388 732 4467; x_wconf 74' lang='grc' dir='ltr'><strong><em>ἀνθρώπων</em></strong></span> <span class='ocrx_word' id='word_1_333' title='bbox 757 4389 870 4446; x_wconf 78' lang='grc' dir='ltr'><strong><em>πάντων</em></strong></span> <span class='ocrx_word' id='word_1_334' title='bbox 895 4393 1079 4450; x_wconf 73' lang='grc' dir='ltr'><strong><em>ἐπασκέοντας</em></strong></span> <span class='ocrx_word' id='word_1_335' title='bbox 1108 4386 1242 4461; x_wconf 77' lang='grc' dir='ltr'><strong><em>μάλιστα,</em></strong></span> <span class='ocrx_word' id='word_1_336' title='bbox 1275 4407 1434 4458; x_wconf 79' lang='lat' dir='ltr'><strong>quamquam</strong></span> 
     </span>
     <span class='ocr_line' id='line_1_39' title="bbox 309 4480 1433 4550; baseline -0.004 -12"><span class='ocrx_word' id='word_1_337' title='bbox 309 4503 362 4538; x_wconf 92' lang='lat' dir='ltr'><strong>non</strong></span> <span class='ocrx_word' id='word_1_338' title='bbox 385 4488 492 4538; x_wconf 84' lang='lat' dir='ltr'><strong>nescius</strong></span> <span class='ocrx_word' id='word_1_339' title='bbox 513 4500 572 4537; x_wconf 86' lang='lat' dir='ltr'><strong>sum</strong></span> <span class='ocrx_word' id='word_1_340' title='bbox 590 4483 657 4537; x_wconf 83' lang='lat' dir='ltr'><strong>haec</strong></span> <span class='ocrx_word' id='word_1_341' title='bbox 682 4486 715 4538; x_wconf 88' lang='lat' dir='ltr'><strong>ab</strong></span> <span class='ocrx_word' id='word_1_342' title='bbox 739 4485 798 4536; x_wconf 88' lang='lat' dir='ltr'><strong>aliis</strong></span> <span class='ocrx_word' id='word_1_343' title='bbox 821 4482 895 4535; x_wconf 83' lang='lat' dir='ltr'><strong>aliter</strong></span> <span class='ocrx_word' id='word_1_344' title='bbox 918 4481 1047 4548; x_wconf 84' lang='lat' dir='ltr'><strong>explicari.</strong></span> <span class='ocrx_word' id='word_1_345' title='bbox 1094 4480 1146 4533; x_wconf 82' lang='lat' dir='ltr'><strong>Cir.</strong></span> <span class='ocrx_word' id='word_1_346' title='bbox 1170 4481 1280 4536; x_wconf 82' lang='lat' dir='ltr'><strong>Lobsch</strong></span> <span class='ocrx_word' id='word_1_347' title='bbox 1304 4481 1433 4550; x_wconf 74' lang='lat' dir='ltr'><strong>Aglaoph.</strong></span> 
     </span>
    </p>
   </div>
   <div class='ocr_carea' id='block_1_8' title="bbox 309 4575 462 4643">
    <p class='ocr_par' dir='ltr' id='par_1_9' title="bbox 309 4575 462 4643">
     <span class='ocr_line' id='line_1_40' title="bbox 309 4575 462 4643; baseline 0.007 -17"><span class='ocrx_word' id='word_1_348' title='bbox 309 4588 336 4641; x_wconf 90' lang='lat' dir='ltr'><strong>p.</strong></span> <span class='ocrx_word' id='word_1_349' title='bbox 354 4575 404 4627; x_wconf 75' lang='lat'><strong>732</strong></span> <span class='ocrx_word' id='word_1_350' title='bbox 422 4589 462 4643; x_wconf 77' lang='lat' dir='ltr'><strong>sq</strong></span> 
     </span>
    </p>
   </div>
   <div class='ocr_carea' id='block_1_9' title="bbox 0 0 1772 5392">
    <p class='ocr_par' dir='ltr' id='par_1_10' title="bbox 0 0 1772 5392">
     <span class='ocr_line' id='line_1_41' title="bbox 0 0 1772 5392; baseline 0 0"><span class='ocrx_word' id='word_1_351' title='bbox 0 0 1772 5392; x_wconf 95' lang='lat' dir='ltr'><strong> </strong></span> 
     </span>
    </p>
   </div>
  </div>
 </body>
</html>
