3534 5392
835 480 1069 544 —llll—

386 642 416 694 Ρ.
433 643 467 698 36
484 659 509 696 v.
532 643 571 695 12.
609 641 686 708 Apud
703 641 841 696 Libanium
865 625 1023 708 plerumque
1045 641 1147 696 obtinet
1164 645 1226 692 ταῖν
1245 643 1343 712 χεροῖν
1361 639 1423 693 sim.
1440 636 1522 691 veluti

489 747 515 798 p.
537 733 579 797 87,
599 733 614 782 8
633 746 659 797 p.
679 731 744 796 244,
764 733 810 795 22,
836 746 904 796 quse
922 747 986 783 num
1004 748 1019 783 e
1040 730 1179 783 codicibus
1197 727 1310 796 posthac
1330 728 1439 780 excusis
1463 740 1521 779 eor·

489 831 558 868 recta
576 818 628 868 sint
651 818 761 882 ignoro,
787 831 848 869 cum
870 816 937 868 haec
954 817 1104 869 testimonia
1125 832 1157 867 ex
1174 814 1260 882 priore
1279 813 1371 867 Reislri
1391 813 1519 877 editione,

491 918 557 968 quae
575 905 658 956 tribus
678 903 858 958 voluminibus
877 904 990 970 prodiit,
1009 903 1062 954 huc
1081 905 1219 956 translerro
1238 908 1345 955 coactus
1365 904 1426 954 sim.

389 1054 417 1107 Ρ.
430 1055 464 1105 39
478 1071 504 1107 v.
517 1056 533 1104 4
545 1056 579 1107 ab
590 1056 656 1127 imo.
670 1058 697 1108 ln
710 1054 971 1124 loco'l'heopbylactl
989 1053 1050 1108 hist.
1063 1053 1097 1119 V,
1113 1055 1143 1106 16
1156 1055 1247 1106 nescio
1257 1070 1291 1106 au
1302 1054 1476 1109 scribendum
1490 1055 1525 1104 sit

488 1137 551 1201 τούς
569 1143 671 1201 ἱππέας
689 1145 755 1195 τιῦν
773 1136 958 1210 ὀχημάτων
976 1140 1124 1209 ἀπέβαλεν.
1156 1135 1266 1211 Ὄχημα
1285 1143 1356 1194 enim
1376 1142 1449 1207 apud
1469 1140 1520 1210 uy-

489 1233 590 1283 zautios
611 1248 664 1282 non
688 1232 723 1284 ita
742 1245 798 1282 raro
822 1232 928 1297 ponitur
950 1247 997 1296 pro
1022 1232 1121 1296 ἱππος,
1147 1231 1220 1282 utin
1240 1230 1364 1281 inferiore
1384 1230 1523 1280 Latinitate

491 1318 624 1368 coliculum
642 1318 738 1369 codem
757 1317 907 1382 significatu
919 1323 1058 1384 usurpatur
1076 1323 1155 1383 atque
1173 1337 1257 1383 equus.
1295 1315 1346 1371 Glr.
1362 1317 1419 1370 Leo
1438 1331 1524 1383 gram·

489 1406 595 1458 mutin
615 1404 780 1472 Theoph.p.
800 1405 848 1456 451
872 1405 920 1456 καὶ
943 1410 1000 1464 τοῖς
1022 1405 1166 1472 δημοσίοις
1194 1399 1379 1474 ὀχήμασιν
1416 1399 1522 1470 ἐπιβάς,

488 1490 614 1559 ἀπῆλθεν
639 1487 733 1562 φυγὰς
756 1495 838 1562 μέχρι
865 1493 920 1544 τῶν
937 1492 1115 1558 Κλεισουριῦν
1139 1493 1257 1565 Συρίας,
1284 1487 1332 1549 τιὶς
1349 1491 1407 1543 τῶν
1425 1491 1523 1542 ἵππων

492 1570 589 1644 ἰγνύας
607 1569 758 1628 ἐκκόπτων.

387 1725 415 1793 ἱ).
437 1727 479 1778 tu.
517 1724 592 1791 Apud
616 1725 751 1779 libanium
774 1726 877 1794 φοιτᾶν
895 1724 990 1776 similia
1013 1725 1167 1791 plerumque
1191 1727 1334 1791 iunguntur
1359 1741 1424 1779 cum
1445 1721 1521 1797 παρά

490 1813 569 1866 veluti
586 1812 596 1864 l
615 1829 640 1880 p.
660 1814 708 1878 71,
729 1814 760 1865 10
779 1813 848 1866 conl.
866 1829 893 1880 p.
911 1814 978 1880 326,
1001 1814 1032 1866 15
1051 1820 1077 1868 et
1092 1813 1213 1866 similiter
1229 1829 1254 1880 p.
1274 1815 1322 1880 93,
1342 1815 1360 1866 9
1382 1813 1523 1885 ἀφεκτέον

491 1901 550 1954 ἔστί
565 1920 615 1971 μοι
635 1902 689 1955 τῶν
706 1897 783 1974 παρὰ
804 1899 854 1968 τὴν
871 1907 991 1971 γυναῖκα
1011 1903 1118 1969 ἐκείνην
1138 1898 1212 1955 ὁδῶν
1233 1907 1283 1955 etc.

390 2053 417 2106 ι’.
434 2053 467 2104 ιτ
486 2070 510 2106 v.
529 2054 553 2108 r.
584 2043 713 2128 τοῦργον
731 2055 834 2108 scribae
853 2056 933 2107 euram
951 2062 1086 2109 sorvorum
1104 2057 1175 2123 spuo
1189 2057 1328 2109 uiuorum
1343 2057 1350 2106 ι
1373 2057 1461 2122 pao,
1477 2058 1520 2120 ra

490 2144 552 2195 item
570 2143 625 2194 lere
643 2145 742 2209 ubique
760 2144 831 2210 apud
851 2159 913 2196 eum
932 2143 1058 2196 coalescit
1076 2141 1105 2197 τό
1126 2144 1239 2214 ἔδαφος.
1558 2131 1566 2152 '

389 2295 417 2350 Ρ.
436 2297 478 2349 48.
514 2295 631 2348 Verbum
650 2295 755 2345 στένειν
776 2293 803 2342 iu
826 2292 1039 2357 frequentissimo
1062 2307 1113 2343 usu
1130 2294 1209 2344 etiam
1227 2292 1298 2358 apud
1317 2292 1461 2347 Libaulum
1480 2299 1521 2344 est

407 2421 409 2426 .
491 2397 515 2434 e.
529 2383 614 2446 g.lp.
632 2380 676 2444 49,
697 2381 749 2446 ip.
766 2379 824 2443 192,
844 2380 875 2430 lt
890 2394 917 2445 p.
929 2380 995 2444 243,
1014 2381 1029 2431 5
1045 2380 1089 2434 ubi
1108 2375 1226 2448 soldorum
1243 2384 1357 2444 στένων,
1378 2399 1404 2448 p.
1419 2383 1520 2447 tom

489 2475 552 2533 eto.;
578 2469 649 2542 idem
675 2469 808 2524 succurrit
829 2469 900 2534 apud
919 2469 1067 2534 Appianum
1092 2469 1339 2524 conridendo.
1363 2471 1403 2537 tl,
1424 2473 1520 2524 75καὶ

488 2558 596 2611 ἔστενεν
623 2555 685 2610 καθ’
705 2552 802 2622 αὐτόν,
831 2564 859 2609 ut
886 2559 942 2610 iure
973 2558 1073 2610 rniroris
1105 2573 1221 2623 uuquam
1253 2557 1368 2612 drrbituri
1401 2560 1519 2625 potuisse

493 2643 527 2693 de
544 2658 596 2694 usu
616 2641 695 2694 huius
714 2642 787 2695 verbi
811 2643 837 2693 in
856 2642 947 2708 lingua
965 2643 1066 2708 volgari
1085 2660 1117 2696 ex
1134 2646 1251 2698 omnium
1272 2644 1448 2698 dialectorum
1467 2645 1519 2696 col-

479 2731 559 2782 -luvie
573 2737 638 2783 nata
667 2728 747 2782 Multo
758 2729 921 2795 frequentius
934 2745 998 2780 sane
1015 2733 1128 2784 occurrit
1139 2732 1210 2798 apud
1221 2731 1376 2804 Byzantios,
1393 2749 1408 2784 e
1425 2732 1520 2798 quibus

490 2819 571 2872 hodie
589 2818 736 2872 addiderim
748 2815 856 2884 lliceph.
873 2820 1031 2888 Brpennium
1050 2827 1190 2875 comment.
1208 2821 1239 2887 ll,
1252 2823 1266 2872 ’ἱ
1280 2837 1306 2888 p.
1317 2822 1361 2887 63,
1381 2818 1520 2876 ’λέστενόν

493 2926 520 2960 τε
533 2910 580 2960 κοιὶ
595 2901 732 2978 ἐδάκρυον
744 2905 812 2957 conl.
825 2920 851 2971 p.
859 2907 904 2970 64,
918 2908 943 2970 ἱ,
956 2922 1025 2957 vana
1035 2914 1167 2973 proeterea
1181 2924 1391 2978 synonymorum
1404 2908 1519 2962 cumulu-

490 2997 572 3060 tione,
593 2995 635 3046 oui
647 2995 689 3048 alli
701 2993 780 3046 huius
793 2999 881 3046 sectae
894 2995 1043 3060 scriptores,
1056 2995 1136 3048 veluti
1145 2995 1360 3066 Theophylactus
1379 3005 1405 3050 et
1415 2997 1518 3050 Nicetes

490 3085 641 3150 choniates,
660 3085 694 3136 ad
706 3085 834 3138 insaniam
847 3099 933 3150 usque
944 3086 1091 3152 indulgent,
1111 3084 1204 3153 ἠνιᾶτο
1222 3088 1277 3159 μὲν
1287 3091 1335 3141 καὶ
1352 3085 1458 3160 ἠθύμει
1473 3090 1515 3141 καὶ

492 3177 582 3229 ἔστενε
598 3177 644 3227 καὶ
660 3170 793 3245 ἔιὶόκριιεν
806 3171 862 3242 (cir.
877 3175 988 3242 Procop.
1000 3175 1026 3228 h.
1036 3190 1060 3230 a.
1073 3192 1099 3242 p.
1110 3176 1154 3241 95,
1168 3177 1199 3228 13
1214 3175 1351 3243 ἀντιβολῶ
1363 3184 1459 3233 τοίνυν
1472 3179 1517 3230 xci

494 3260 604 3317 ἱκετεύω
625 3265 671 3316 καὶ
689 3263 804 3333 δέομαι,
823 3265 935 3327 quaein
957 3263 1105 3329 glossarum
1124 3263 1322 3316 similitudinem
1341 3265 1494 3337 incurrunt).

389 3441 420 3508 P,
439 3440 481 3492 49.
520 3432 614 3490 Φόνου
632 3435 739 3488 πολλοῦ
757 3436 912 3504 γενομένου
930 3435 1071 3501 conposuit
1086 3435 1166 3486 etiam
1182 3435 1290 3502 Appias.
1305 3435 1330 3488 d.
1342 3435 1371 3488 b.
1386 3450 1410 3488 c.
1421 3432 1452 3500 ll,
1469 3433 1517 3484 105

491 3524 607 3589 itemque
625 3515 712 3579 πολὺς
730 3519 853 3589 ἐγίγνετο
874 3513 962 3587 φόνος
984 3520 1049 3573 ibid
1068 3535 1090 3573 c.
1110 3521 1152 3573 22.
1194 3523 1233 3572 Ac
1253 3521 1396 3586 legitimam
1417 3534 1514 3574 conse-

493 3606 625 3657 cutionem
643 3603 746 3656 retinuit
771 3604 848 3656 etiam
868 3605 956 3658 Liban.
982 3606 1050 3660 decl.
1077 3609 1086 3656 l
1104 3622 1130 3673 p.
1151 3607 1215 3672 138,
1239 3609 1255 3658 5
1276 3603 1356 3678 φόνῳ
1377 3629 1406 3664 τε
1424 3611 1516 3676 πολλῷ

493 3689 539 3740 καὶ
557 3689 668 3756 αἱματι;
686 3703 740 3738 uno
753 3693 879 3753 quantum
900 3689 957 3740 scio
970 3687 1030 3741 loco
1043 3690 1106 3741 dixit
1123 3693 1275 3759 γενομένης
1291 3692 1322 3744 dl
1338 3695 1385 3759 τῆς
1394 3687 1516 3763 μεγάλης

493 3771 583 3848 μόχης
601 3777 652 3828 κοιλ
668 3777 717 3828 τοῦ
733 3777 839 3828 πολλοῦ
857 3769 949 3846 φόνου
966 3790 991 3843 p.
1015 3776 1073 3841 lli,
1093 3777 1117 3830 8.

391 3939 421 3996 P.
442 3942 485 3996 55.
520 3941 557 3993 ile
576 3942 656 3995 verbo
676 3937 819 4009 ἐκβάλλειν
835 3957 980 4010 provocare
998 3943 1130 3998 debebam
1147 3945 1180 3995 ad
1201 3946 1232 3997 Α.
1244 3944 1410 4017 Κοοοὶιὶγαιο
1427 3959 1514 3997 meum

494 4025 604 4079 Emend.
629 4027 655 4078 ln
674 4023 762 4093 Eurip.
783 4025 866 4092 lphig.
885 4026 962 4080 Taur.
979 4044 1005 4094 p.
1027 4030 1044 4077 ll
1064 4043 1090 4095 p.
1112 4029 1144 4081 16
1166 4032 1255 4096 etqui
1278 4031 1311 4085 ab
1329 4031 1381 4085 hoc
1399 4032 1517 4083 undatur

495 4113 658 4166 Schoeuium
674 4114 709 4166 ad
727 4113 831 4168 Hercul.
850 4114 899 4167 tur.
916 4132 942 4168 v.
961 4114 1021 4168 933.

392 4269 422 4323 Ρ.
442 4269 475 4320 56
493 4285 518 4321 ν.
539 4268 570 4320 16
587 4269 620 4320 ab
639 4268 693 4319 imo
711 4265 780 4318 adde
798 4263 916 4320 Eustath.
935 4267 962 4318 lu
980 4272 1043 4320 orut.
1059 4282 1128 4320 anno
1144 4269 1245 4336 auspic.
1262 4267 1352 4324 habu·
1369 4285 1394 4336 p.
1417 4263 1510 4330 154,1

487 4353 590 4422 (Talei)
612 4347 717 4426 όμβρος
732 4349 750 4421 ἢ
767 4348 840 4423 γάλα
858 4349 991 4428 οὐράνιον
1009 4349 1026 4421 ἢ
1042 4350 1137 4424 μόννα
1156 4352 1294 4429 δεύτερον.
1488 4369 1491 4376 ’

393 4483 422 4560 i.
440 4505 484 4560 uc.
508 4502 559 4558 cn.
573 4503 607 4559 ιι.
621 4501 784 4568 murorum,
807 4503 851 4555 ors
862 4502 998 4557 uouisset
1014 4503 1214 4575 rerumne„
1226 4507 1314 4576 ιαμ.
1329 4509 1396 4562 loos
1412 4505 1514 4575 paro:

496 4598 528 4648 Ιιι
539 4593 738 4662 Νοιιὶρονὶαγσὶ,
749 4595 809 4647 sind
819 4593 861 4646 dio
872 4593 1055 4662 Beryubddape
1074 4595 1107 4661 (a.
1119 4595 1154 4650 B.
1170 4597 1213 4650 dis
1223 4598 1271 4650 dtr
1282 4596 1365 4652 Sora
1381 4598 1413 4648 de
1425 4590 1511 4655 (ἶσα)
