3534 5392
827 436 1040 507 -78-

365 602 426 685 (vel
446 603 559 669 similis
578 604 745 687 potestatis
766 605 965 690 vocabulum)
985 601 1261 694 φιληδονίαις
1291 603 1491 694 unalte-

364 707 469 784 χθαι
485 701 662 789 λέγεται,
680 703 730 770 111
743 706 949 784 coniecturae,
965 727 1158 790 quamquam
1172 708 1332 793 plerisque
1344 706 1490 774 audacio-

366 831 434 875 rem
452 809 554 874 visum
574 810 614 874 iri
636 811 789 893 suspicor,
810 812 916 875 nescio
938 832 980 875 an
998 811 1077 876 haec
1098 800 1229 876 accedat
1250 811 1490 890 commendatio,

368 914 453 1000 quod
477 937 541 980 non
563 915 660 982 semel
685 917 719 981 in
746 917 797 982 his
822 916 914 984 libris
946 916 1008 980 duo
1038 939 1120 1001 quae
1148 924 1241 983 erant
1266 919 1300 983 in
1319 918 1492 1003 archetypo

367 1021 527 1101 vocabula,
549 1022 753 1088 librariorum
775 1022 869 1106 eulpa
889 1024 924 1088 in
936 1045 1034 1088 unum
1052 1022 1262 1090 confluxerint
1282 1026 1318 1089 in
1338 1025 1492 1090 eiusmodi

363 1127 551 1208 praesertim
564 1125 641 1204 1111,
664 1127 720 1210 qui
735 1127 942 1193 similitudine
964 1150 1076 1193 vocum
1089 1129 1295 1196 scribentium
1317 1131 1424 1196 oculos
1437 1131 1490 1197 de-

364 1229 503 1296 ludebat.
525 1229 619 1296 (luius
635 1232 684 1296 rei
698 1231 821 1316 insigne
841 1237 930 1297 extat
943 1232 1123 1315 exemplum
1135 1232 1189 1312 VI,
1204 1239 1231 1313 2,
1252 1243 1263 1300 1
1279 1235 1493 1317 1687111111

364 1355 472 1400 omnes
487 1333 610 1400 codices
633 1335 744 1401 vitiose
758 1340 924 1418 praestant
946 1328 1148 1415 ἀλλὰμόνου
1172 1333 1205 1401 11
1226 1333 1329 1426 πόροι
1351 1363 1492 1427 παρα-

365 1437 436 1522 σχό
448 1467 486 1506 υτ
496 1465 535 1519 ες
552 1467 581 1507 τι
596 1445 643 1528 argi
649 1467 704 1523 μετ
712 1440 1029 1528 ασχμητατίζεσθαι,
1039 1441 1095 1506 ubi
1109 1462 1174 1507 non
1187 1441 1391 1528 dubito,quin
1405 1449 1492 1509 recte

363 1554 539 1614 correctum
569 1549 612 1613 sit
633 1543 728 1634 γ111111
753 1545 857 1632 μόνον
888 1545 919 1613 11
945 1546 1048 1637 πόροι
1069 1549 1289 1638 παρέσχον
1312 1550 1491 1633 πάσχον-

366 1657 434 1730 τές
462 1677 495 1717 τι
526 1653 593 1718 κτλ.
639 1651 786 1718 Ceterum
814 1653 848 1717 in
875 1653 1009 1718 eandem
1038 1674 1166 1736 prorsus
1195 1656 1403 1735 sententiam,
1435 1655 1491 1722 sed

364 1761 476 1841 argute
505 1757 606 1842 magis
635 1762 669 1822 et
698 1757 836 1823 oratorie
863 1757 986 1823 locutus
1017 1768 1065 1822 est
1086 1757 1274 1824 Plutarchus
1295 1758 1400 1844 Symp.
1419 1759 1490 1837 VII,

364 1861 392 1937 8,
414 1865 434 1926 4
454 1878 485 1941 p.
508 1862 599 1925 7131
620 1851 666 1934 ὦς
685 1855 748 1946 μὰρ
771 1850 891 1944 ἡδονὴν
913 1854 948 1946 ἒν
970 1851 1048 1942 οίνιμ
1072 1856 1128 1922 καὶ
1151 1849 1229 1945 όψην
1249 1860 1290 1945 τῇ
1306 1855 1402 1946 χρείᾳ
1433 1859 1492 1943 τῆς

364 1964 492 2051 τροφῆς
523 1965 752 2029 συνεισιοῦσαν
785 1955 895 2040 οὐδεὶς
927 1954 1139 2041 ἀπωθεῖται,
1173 1960 1230 2047 τὴν
1264 1957 1293 2026 d’
1324 1960 1382 2027 ἐπὶ
1420 1966 1490 2038 τοῖς

362 2061 482 2163 μόραις
503 2058 562 2130 οὐκ
584 2058 766 2152 ἀναγκαίαν
787 2064 844 2131 καί
867 2062 1044 2153 περίεργον
1067 2056 1170 2131 οὖσαν
1191 2059 1210 2130 ὑ
1233 2062 1411 2154 Σωκράτης
1432 2064 1489 2132 ε’πὶ

363 2165 486 2259 κόρρης
506 2166 655 2262 ῥαπίζων
671 2168 836 2253 ἐξέβαλεν.
870 2169 909 2233 in
933 2169 984 2234 his
997 2170 1096 2255 igitur
1115 2171 1143 2234 si
1162 2171 1353 2235 concesseris
1368 2170 1489 2236 hiatum

364 2277 448 2341 inter
461 2276 665 2363 κεκλημέναι
674 2269 757 2354 ὑπό,
784 2275 1020 2340 concedendum
1033 2276 1131 2342 etiam
1150 2281 1199 2341 111
1212 2275 1345 2342 eandem
1365 2277 1489 2343 veniam

361 2379 466 2446 valere
476 2379 533 2458 III,
543 2384 595 2458 9,l
617 2399 647 2461 p.
657 2378 748 2446 65711
768 2372 836 2464 ἡδὲ
852 2378 939 2443 όυεῖν
958 2376 1262 2466 (σομηωνία)πρός
1278 2377 1355 2466 τρία
1368 2402 1487 2463 μουσι-

312 2514 314 2521 ·
366 2478 514 2568 κιυτάτη,
547 2482 662 2546 πᾶσα
691 2473 941 2568 ὑπνοφόρος
972 2476 1028 2542 καὶ
1050 2474 1249 2564 λαθικηδης.
1292 2477 1382 2543 Nihil
1403 2479 1488 2544 enim

360 2590 395 2653 in
419 2588 486 2654 -loci
517 2587 674 2654 sententia
705 2584 833 2650 invenio
867 2584 952 2667 quod
982 2582 1174 2648 dubitationi
1211 2584 1381 2649 obnoxium
1420 2604 1489 2649 esse

362 2695 468 2777 possit,
488 2697 525 2758 ut
541 2695 633 2757 πᾶσα
650 2691 808 2757 immerito
821 2689 950 2754 Reiskio
964 2689 1170 2771 suspitionem
1185 2688 1318 2754 movisse
1333 2689 1486 2755 videatur.

449 2796 530 2860 Item
557 2813 651 2877 aegre
682 2792 763 2856 mihi
790 2789 966 2873 persuadeo
1002 2811 1022 2854 a
1048 2789 1188 2854 librariis
1216 2789 1388 2854 titubatum
1420 2810 1488 2853 1111

362 2891 426 2971 Vl,
446 2899 474 2969 7,
497 2897 516 2957 2
538 2913 568 2974 p.
588 2890 679 2959 692f
695 2891 730 2954 in
749 2889 854 2955 uerbis
883 2886 998 2978 ὥσπερ
1030 2880 1087 2955 οὖν
1115 2883 1134 2953 ὁ
1158 2885 1265 2977 σοφὸς
1290 2884 1488 2979 Ἀνάχαρσις

363 2991 435 3062 ἄλλ’
459 2990 542 3062 ἅττα
565 3000 630 3060 ταῖν
648 2990 811 3082 Ἑλλήνων
833 2992 1049 3083 μεμφόμενος
1071 2991 1188 3083 ἐπῄνει
1208 2994 1265 3083 την
1289 2991 1486 3085 drepanam,

365 3099 418 3168 ότι
439 3097 495 3166 τόν
523 3098 650 3166 καπνόν
676 3095 739 3178 ἔξω
769 3095 1011 3177 καταλιπόντες
1038 3095 1154 3166 οἴκαδε
1184 3106 1250 3190 πῦρ
1279 3100 1488 3186 κομίζουσιν·

363 3205 468 3287 οὕτως
499 3203 585 3298 ἡμᾶς
621 3200 674 3296 ἐφ’
707 3201 835 3295 ἑτέροις
872 3198 912 3272 div
940 3205 1079 3295 ψέγοιτε
1114 3205 1242 3288 μᾶλλον
1281 3204 1321 3272 oi
1351 3204 1484 3295 σοφοὶ

361 3311 501 3399 ὑμεῖς·
525 3310 555 3381 εἰ
575 3312 612 3379 δέ
635 3312 719 3392 κτλ.,
741 3311 913 3396 inquibus
934 3311 1138 3390 Benselerus,
1163 3311 1219 3394 qui
1241 3312 1347 3377 omnia
1367 3312 1487 3377 mavult

365 3419 406 3488 ad
428 3416 690 3504 perpendiculum
712 3435 868 3480 canonum
890 3436 1018 3480 suorum
1038 3414 1174 3493 directa,
1194 3414 1298 3481 deleto
1322 3409 1413 3498 ὑμεῖς
1431 3436 1483 3480 vo-

362 3523 501 3588 cativum
525 3509 551 3584 11
576 3514 790 3604 1111111111
813 3538 885 3580 cum
907 3517 1119 3583 emolumento
1140 3514 1352 3582 invehendum
1381 3517 1487 3597 suasit,

362 3638 472 3692 vereor
493 3645 532 3688 ne
549 3642 663 3704 parum
683 3619 873 3702 prudentem
896 3625 981 3709 corte
996 3621 1096 3684 tutius
1117 3620 1218 3685 multo
1232 3621 1487 3702 transpositionis

361 3727 528 3794 machinae
548 3723 720 3790 movendae
740 3729 845 3803 erant,
875 3728 912 3788 ut
929 3725 1121 3790 scriberetur
1143 3717 1266 3807 ὑμεῖς
1289 3721 1328 3790 ol
1351 3725 1487 3812 σοφοί

364 3833 475 3916 (Cobet
505 3831 620 3896 Mnem.
654 3833 735 3896 18611
765 3849 795 3911 p.
822 3830 910 3916 142).
960 3828 1080 3894 Verum
1107 3851 1147 3894 ne
1176 3829 1221 3894 sic
1247 3829 1375 3914 quidem
1399 3831 1487 3897 locus

363 3936 441 4001 satis
467 3939 554 3999 tutus
585 3931 758 4012 videbitur,
795 3933 858 3997 nisi
885 3934 957 4018 quis
985 3933 1167 4016 pervicerit,
1190 3956 1333 4017 pausam,
1367 3937 1489 4020 inqua

362 4035 494 4103 mirifice
514 4056 546 4102 se
561 4035 662 4102 iactat
677 4033 871 4113 Voemelius,
894 4040 944 4099 sat
958 4056 1107 4120 magnam
1120 4034 1231 4114 fuisse,
1252 4040 1290 4100 ut
1301 4036 1487 4104 Plutarchus

360 4145 480 4226 inpune
509 4141 571 4207 sibi
590 4141 788 4224 permisisset
816 4140 947 4206 hiatum.
990 4140 1104 4224 Itaque
1129 4139 1169 4206 de
1191 4140 1251 4206 hoc
1273 4140 1343 4208 loco
1363 4149 1487 4228 guttam

361 4249 437 4316 boni
464 4247 588 4312 consilii
618 4246 822 4325 1111111111,
855 4245 917 4310 nisi
944 4250 981 4311 ut
1009 4246 1218 4328 adspirationi
1245 4247 1486 4331 condonandum

362 4350 512 4416 suadeam
534 4369 628 4431 quem
649 4351 813 4430 praestant
833 4347 910 4412 libri
930 4346 1062 4414 hiatum.
1105 4345 1226 4411 Eadem
1246 4384 1290 4394 -
1302 4347 1487 4434 ‘defugimus

362 4454 447 4521 enim
476 4453 511 4517 in
539 4451 589 4516 his
612 4473 778 4535 paucorum
807 4450 956 4529 artificia,
986 4471 1066 4534 quae
1096 4471 1197 4533 nuper
1223 4450 1309 4515 haud
1334 4453 1488 4519 mediocri

361 4560 475 4626 horum
496 4557 673 4626 studiorum
695 4557 876 4624 calamitate
904 4554 1102 4639 pullidarunt
1126 4591 1168 4604 -
1190 4554 1346 4637 adplicari
1366 4559 1487 4640 poterit
