3534 5392
739 453 952 518 ..95-

281 602 463 698 προύχοντι
484 615 558 735 τῆς
563 606 729 735 ’ὀρυχῆς
751 610 817 702 (ὥς
837 619 940 705 φασι)
962 614 1021 704 τῆν
1040 618 1117 704 γῆν,
1147 609 1236 698 ιχνος
1257 610 1407 706 ἀρόσεως

279 705 383 798 ἔθηκε
403 711 460 778 καὶ
481 711 595 802 τὸτῆς
616 711 719 794 ὕνεως
739 710 936 804 ὑφηγήσατο
958 712 1066 806 ἔργον.
1108 717 1148 782 In
1167 717 1218 784 his
1239 738 1332 784 nemo
1352 740 1402 786 ac·

278 819 441 902 quiescere
461 822 604 903 poterit'
595 827 663 888 mt
648 821 768 888 tradita
789 822 934 889 codicum
959 824 1113 891 memoria
1142 816 1403 912 ἀπσχρρστῆοαι,

277 923 364 1006 quod
390 924 522 992 verbum
540 925 634 990 nihili
656 932 712 994 111
763 925 825 992 Sed
855 926 940 1011 quod
968 949 987 994 e
1015 927 1150 996 Tumeb.
1182 933 1215 994 11
1200 928 1333 995 t.Vulc
1362 930 1404 997 ab

277 1020 409 1088 Reiskio
432 1029 465 1089 et
487 1023 731 1109 wyttenbachio
760 1027 1014 1095 commendatum
1041 1035 1091 1096 est
1122 1023 1154 1098 ὀ
1146 1028 1273 1119 τὸτῆς
1291 1030 1405 1123 χρείας

278 1142 337 1205 pro
357 1119 834 1216 11111111ιτιοεοάποχρηστῆσαι
862 1128 945 1194 nihil
977 1129 1277 1214 11111111111111
1305 1151 1405 1213 prava

200 1257 204 1265 ·
279 1231 433 1296 correctio
458 1232 611 1312 Turnebi,
636 1255 718 1348 quae
745 1239 913 1316 praeterea
941 1257 963 1301 a
983 1235 1190 1302 similitudine
1223 1236 1403 1304 litterarum

277 1354 392 1415 parum
407 1335 687 1402 commendationis
702 1336 820 1404 habere
835 1336 968 1404 videtur.
991 1338 1104 1422 Itaque
1117 1337 1189 1405 vide
1204 1360 1282 1404 num
1293 1362 1333 1407 ex
1351 1361 1401 1406 co·

279 1438 385 1506 dicum
401 1433 654 1530 ὀποχρηστῆσαι
667 1442 784 1508 rectius
798 1441 956 1510 effecerim
970 1434 1044 1508 ἀπ’
1068 1437 1259 1531 ὀρυχῆς*),
1276 1465 1339 1528 quo
1352 1466 1402 1510 re·

277 1547 369 1624 cepto
383 1541 515 1610 fortasse
537 1540 594 1608 καί
607 1549 681 1610 ante
698 1546 867 1628 τιμᾶσθαι
889 1543 1100 1630 ablegandum
1114 1543 1184 1609 erit.
1204 1543 1243 1610 In
1255 1554 1406 1630 promptu

278 1646 333 1719 111,
353 1662 426 1706 oum
438 1642 474 1706 in
488 1641 661 1728 archetypo
675 1642 791 1709 litteris
805 1643 877 1728 plus
892 1644 997 1710 minus
1018 1645 1158 1711 evenidis
1172 1650 1205 1711 11
1225 1645 1267 1712 11
1287 1668 1401 1734 cogno-

277 1745 428 1811 scendum
455 1743 637 1811 difficilibus
659 1746 825 1812 coniuncte
848 1747 1003 1829 scriptum
1023 1752 1107 1812 11111
1130 1747 1401 1828 AHOPYXHC,

279 1848 446 1916 librarium
467 1851 606 1934 primum
628 1850 801 1916 oscitanter
821 1849 974 1916 adiecisse
988 1875 1033 1928 αι,
1054 1856 1091 1915 ut
1111 1848 1303 1916 infinitivum
1324 1873 1401 1936 que-

276 1954 464 2040 lemcunque
494 1954 568 2021 inde
596 1955 757 2034 somniet
786 1976 848 2040 quo
878 1955 988 2023 effecto
1019 1952 1078 2020 καί
1103 1955 1284 2022 addendum
1305 1956 1401 2024 fuisse

275 2055 458 2138 plenissime
477 2055 675 2140 perspicitur.
710 2055 756 2121 Ae
777 2056 919 2139 suspicor
940 2056 1038 2122 etiam
1053 2056 1194 2139 corrupti
1211 2078 1399 2124 1111111111-

276 2161 344 2228 buli
360 2159 545 2227 memoriam
570 2166 727 2226 servatam
746 2182 814 2228 esse
829 2161 864 2225 in
877 2161 1022 2244 proximo
1035 2182 1135 2240 versu,
1150 2160 1207 2227 ubi
1223 2183 1295 2226 cum
1306 2161 1402 2245 plane

275 2267 383 2350 inepte
409 2266 524 2332 edatur
554 2268 601 2352 τῷ
623 2256 802 2354 προῦχοντι
831 2267 888 2353 τῆς
918 2259 1052 2355 ὀρυχῆς,
1084 2265 1189 2332 scribe
1216 2266 1315 2333 oculis
1343 2267 1398 2337 ab·

275 2389 397 2434 errasse
416 2366 542 2434 ridetur
561 2364 603 2432 ad
619 2388 743 2432 versum
759 2367 907 2450 priorem,
930 2367 965 2431 in
977 2387 1040 2452 quo
1058 2368 1233 2452 antiquitus
1247 2368 1402 2452 scriptum

274 2479 344 2540 erat
364 2466 424 2538 ἀπ’
449 2470 567 2562 ὀρυχῆς
586 2475 753 2553 τιμᾶσθαι
776 2469 924 2557 λέγουσι,
957 2494 1029 2538 oum
1057 2474 1245 2556 praesertim
1274 2475 1402 2542 easdem

273 2599 376 2662 paene
395 2577 518 2644 litteras
533 2575 593 2643 sibi
613 2575 791 2660 repperisse
813 2574 981 2641 videretur.
1012 2575 1116 2658 Atque
1138 2575 1252 2640 harum
1272 2577 1402 2660 quidem

274 2679 468 2764 syllabarum
489 2677 628 2755 iactura,
650 2681 686 2740 ut
706 2673 867 2758 probabili
889 2674 1072 2740 coniectura
1092 2674 1299 2753 resarciatur,
1320 2674 1402 2740 nihil

273 2785 448 2870 simplicius
463 2783 558 2850 scribi
571 2783 672 2848 visum
686 2786 734 2846 111
747 2802 843 2865 quam
858 2781 903 2867 τῷ
916 2771 1096 2869 προῦχοντι
1112 2780 1189 2845 τοῦ
1209 2774 1307 2870 ρύγχ
1317 2803 1400 2862 ονς,

273 2894 310 2954 111
332 2888 408 2954 olim
436 2886 613 2954 rectissima
641 2885 766 2950 ratione
794 2884 936 2950 restituit
964 2882 1120 2950 Reislriue.
1171 2883 1319 2951 Ceterum
1347 2885 1400 2956 Fr.

273 2991 426 3070 Osarene,
446 2990 499 3056 hic
513 2988 642 3074 quidem
659 3009 771 3055 causae
786 2988 974 3054 vanissimae
996 2993 1156 3071 patronus,
1172 2988 1215 3054 ad
1228 2987 1400 3058 Cornutum

272 3094 302 3160 1.
324 3117 354 3160 τι
377 3094 406 3159 1.
424 3114 454 3176 p.
474 3099 549 3172 343,
570 3093 653 3160 male
674 3096 707 3161 11
728 3092 790 3159 sibi
812 3097 844 3158 11
863 3092 1034 3158 Plutarcho
1057 3093 1222 3172 consuluit
1243 3095 1400 3178 quicum

270 3201 452 3284 paulopost
467 3200 593 3285 legatur
614 3193 650 3264 oti
671 3196 707 3263 δὲ
721 3192 927 3285 χρησάμεναι
944 3191 1040 3282 πάτῳ
1054 3196 1112 3262 καὶ
1129 3190 1240 3285 ὀρυχῇ,
1255 3198 1400 3268 sufficere

270 3309 305 3376 id
321 3308 469 3391 opinatus
483 3305 587 3372 11111
601 3301 800 3371 defendenda
814 3301 923 3385 priora
941 3304 988 3388 τῷ
1006 3294 1184 3388 προῦχοντι
1198 3306 1255 3390 τῆς
1270 3297 1399 3394 ὀρυχῆς,

270 3416 326 3501 qui
346 3414 477 3500 quidem
498 3413 583 3480 vocis
605 3411 791 3478 insolentior
808 3409 847 3476 de
864 3415 967 3476 rostro
990 3408 1081 3475 suillo
1100 3431 1183 3490 usus,
1205 3433 1245 3477 ex
1261 3410 1398 3478 dialecto

269 3521 398 3606 plebeia
429 3521 568 3586 adscitus
593 3520 624 3586 ei
650 3517 817 3584 videbatur
845 3517 990 3602 hancque
1011 3515 1108 3583 fuisse
1136 3539 1263 3584 causam
1284 3524 1320 3584 ut
1341 3518 1396 3584 ad·

271 3627 409 3692 11111111
431 3620 477 3702 ὥς
500 3646 595 3712 φασι,
619 3622 703 3708 quod
725 3621 768 3687 11
790 3626 895 3687 totum
915 3622 1021 3705 potius
1042 3622 1220 3688 membrum
1240 3625 1399 3710 pertinere

269 3731 473 3800 manifestum
501 3735 558 3798 est.
608 3729 765 3814 Equidem
794 3730 907 3812 opinor
931 3736 1072 3795 rostrum
1098 3730 1162 3795 suis
1183 3730 1269 3813 apud
1290 3753 1399 3802 omnes

270 3837 408 3912 Graecos
436 3833 582 3900 homiues
603 3853 727 3916 semper
747 3838 780 3900 11
808 3833 926 3917 ubique
949 3833 1120 3898 vocitatum
1149 3831 1248 3900 fuisse
1269 3832 1396 3924 ῥύγχος,

272 3959 376 4023 neque
406 3936 499 4004 facile
520 3940 570 4004 est
596 3935 638 4002 ad
660 3934 852 4004 credendum
873 3936 1080 4003 Plutarchum
1100 3937 1294 4020 provinciale
1315 3941 1396 4008 eius·

351 4143 378 4210 *l
395 4144 442 4195 -Dc
463 4139 518 4198 ἀπό
537 4143 738 4210 praepositionis
755 4160 806 4195 usu
826 4157 984 4208 quamquam
1003 4148 1043 4194 ost
1063 4144 1211 4208 eiusmodi,
1229 4146 1273 4209 qui
1292 4145 1350 4212 ipse
1369 4165 1399 4201 se

271 4231 349 4282 etiem
368 4229 425 4279 sine
446 4225 573 4292 exemplis
590 4229 701 4290 tueatur,
719 4231 821 4291 praeter
838 4225 905 4276 Held
924 4225 956 4275 ad
977 4224 1071 4275 Timol.
1091 4240 1116 4291 p.
1130 4226 1180 4276 314
1197 4227 1315 4292 inprimis
1335 4245 1397 4282 eon·

269 4314 371 4367 ferendi
390 4318 451 4365 sunt
468 4311 496 4362 hi
513 4311 578 4363 loci:
597 4309 680 4364 Thus.
699 4308 736 4374 ll,
756 4309 788 4362 63
807 4306 836 4361 τὸ
856 4304 1015 4379 τιμώμενον
1036 4305 1092 4362 1πό
1112 4311 1161 4361 τοῦ
1176 4303 1280 4382 ἄρχειν,
1301 4311 1345 4376 Vl,
1366 4315 1397 4364 12

270 4399 467 4475 θαυμάζεσθαι
485 4397 542 4453 1πό
561 4401 608 4468 τῆς
624 4400 820 4472 ἱπποτροφίας,
839 4397 918 4464 11,37
938 4400 1130 4470 προτιμᾶσθαι
1145 4395 1193 4450 ἀπ’
1206 4396 1310 4471 ἀρετῆς,
1330 4399 1397 4456 Plui.

270 4493 375 4558 Agisib
394 4491 492 4546 δοτέον
509 4485 549 4556 (rt
563 4484 731 4557 μεγαλύνειν
742 4483 850 4551 αὐτοὺς)
865 4483 922 4540 1πὸ
940 4487 995 4541 τῶν
1011 4487 1104 4538 καλῶν
1120 4485 1220 4558 ἔργων,
1238 4486 1352 4556 Lpssnd.
1363 4488 1398 4539 24

272 4579 302 4631 ul
319 4577 351 4632 δὲ
369 4574 416 4630 ἄττ’
436 4573 534 4650 ἀρετῆς
550 4575 629 4646 τιμαὶ
646 4575 718 4628 πᾶσι
734 4565 898 4648 προῦκειντο
921 4575 975 4630 τοῖς
990 4569 1167 4643 δυναμένοις.
