3534 5392
695 480 905 554 „27-

240 650 399 741 καθαρδν
413 648 560 733 ἀδικίας,
583 671 673 738 eonp.
691 655 783 723 Dion.
802 677 827 724 c.
842 656 942 722 Bmto
957 662 979 725 3
995 650 1082 723 τοῦτ’
1105 653 1278 744 εἰλικρινές
1297 654 1368 724 ἐστι

109 783 112 812 :
242 756 290 839 τῷ
312 753 453 842 Βρούτῳ
473 755 529 821 καί
551 753 704 844 καθαρόν
723 757 817 842 (conl.
840 757 965 836 Quaest
987 756 1067 824 Plut.
1090 756 1123 820 ΙΙ
1145 777 1175 838 p.
1191 755 1254 842 36),
1276 775 1370 840 quem

107 899 112 910 ·
239 858 378 940 praeivit
397 859 633 942 Theophrastus
653 862 683 925 la
700 861 744 945 pl.
759 861 784 941 Ι,
801 866 882 939 12,Ι
900 859 1007 946 πέψιν
1030 858 1186 948 καθαρὰν
1208 857 1265 925 καί
1287 854 1369 926 εἰλι-

240 963 334 1048 κρινῆ
356 967 389 1028 et
410 962 501 1028 Philo
522 962 562 1029 de
584 964 695 1030 ebriet.
712 985 742 1047 p.
758 969 820 1032 216
841 967 915 1029 νοῦν
937 960 1215 1052 εἰλικρινέστατον
1232 963 1287 1030 καί
1308 988 1368 1030 κα-

239 1062 449 1153 θαρώτατον,
476 1073 510 1135 ut
525 1070 664 1137 nesciam
684 1092 727 1136 an
740 1071 774 1136 in
792 1076 884 1137 tanta
904 1071 1120 1155 exemplorum
1141 1071 1368 1155 aequabilitate

107 1193 110 1243 z
238 1171 274 1235 in
301 1173 407 1240 verbis
431 1174 542 1241 Dionis
574 1175 731 1262 Gbrysost
751 1176 802 1242 Or.
827 1176 987 1256 XXXIII,
1016 1197 1045 1259 p.
1077 1182 1126 1254 67,
1149 1181 1168 1242 9
1189 1177 1226 1242 D.
1243 1171 1291 1242 -ai
1319 1174 1364 1264 μή

108 1334 109 1337 ,
242 1273 389 1342 Μοῦσαί
416 1301 453 1344 τε
482 1277 539 1344 καί
564 1273 740 1344 Ἀπόλλων
761 1278 795 1345 ἰν
820 1276 910 1372 ’θείῳ
942 1278 1064 1368 ῥυθμῷ
1085 1278 1142 1364 τῆς
1171 1273 1368 1365 εἰλικρινοῦς

236 1401 274 1445 τε
294 1378 351 1445 καί
372 1371 511 1470 δίκερας
539 1376 703 1471 ἁρμονίας
729 1403 788 1466 pro
810 1375 916 1470 ίίκρας
944 1403 1016 1448 cum
1044 1381 1162 1467 insigni
1191 1382 1366 1448 sententiae

235 1482 449 1550 emolumento
469 1485 620 1552 substitui
637 1491 779 1570 praestet
799 1488 1012 1574 καθαρᾶς.

319 1588 370 1654 Ad
394 1610 425 1672 p.
448 1595 490 1657 24
516 1590 617 1676 (conf.
647 1590 727 1657 Add.
757 1612 787 1673 p.
810 1594 868 1675 68)
898 1595 935 1657 ut
960 1591 1061 1675 magis
1085 1591 1182 1656 etiam
1210 1587 1365 1678 adrideat

236 1693 321 1777 qnod
347 1717 388 1762 ex
407 1693 568 1762 Clemente
589 1695 759 1762 Plutarcho
788 1694 915 1761 restitui
947 1695 983 1759 in
1012 1693 1078 1759 vita
1100 1692 1243 1760 Caesaris
1272 1713 1298 1758 c.
1326 1697 1363 1760 19

235 1798 287 1866 τὰ
313 1802 524 1883 μέλλοντα
552 1796 806 1888 προίθέσιτιζον
836 1823 908 1868 cum
934 1802 968 1867 in
991 1799 1153 1868 codicibus
1174 1798 1361 1868 extermina·

236 1910 306 1972 tum
326 1910 409 1974 esset
428 1906 471 1972 τὰ
491 1906 666 1988 μέλλοντα,
688 1906 897 1973 conferendus
917 1906 1015 1972 etiam
1036 1905 1116 1970 Plut
1134 1904 1241 1988 Pomp.
1259 1908 1299 1971 32
1322 1900 1363 1966 τὰ

233 2009 399 2092 μέλλοντα
417 2011 605 2097 προδηλοῦν
618 2015 653 2077 at
666 2009 781 2076 Strabo
798 2009 875 2076 XIV
886 2029 917 2092 p.
926 2015 989 2076 676
1006 2007 1083 2086 τούς
1096 2004 1263 2094 χρησμούς
1278 2029 1362 2094 προ-

238 2105 451 2190 θεσπίζουσι.
497 2110 551 2176 Αα·
574 2109 721 2176 similiter
749 2108 832 2174 dixit
851 2108 981 2190 Procop.
1004 2105 1034 2173 b.
1057 2128 1085 2190 g.
1105 2126 1135 2188 p.
1161 2109 1236 2182 157,
1261 2109 1300 2170 19
1321 2099 1363 2167 τὰ

234 2208 399 2293 μέλλοντα
419 2207 713 2300 προβουλεύεσθαι
735 2215 769 2276 et
788 2210 899 2274 Zonar.
919 2206 1030 2273 Annal.
1053 2205 1118 2284 III,
1141 2209 1159 2272 8
1181 2225 1211 2289 p.
1225 2208 1296 2284 230,
1323 2210 1356 2272 ll

234 2310 294 2400 τὴν
316 2311 472 2401 δευτέραν
487 2312 689 2399 ἐπιφάνειαν
703 2315 762 2379 τοῦ
776 2315 927 2402 σωτῆρος
944 2306 1188 2400 προθεσπίζειν
1203 2314 1235 2375 et
1251 2313 1362 2376 contm

234 2436 431 2482 communem
466 2417 725 2485 consuetudinem
761 2416 905 2484 Clemens
941 2415 1109 2494 Alexandr.
1140 2414 1233 2481 Paed.
1263 2414 1310 2493 II,
1341 2417 1359 2481 8

233 2541 264 2604 P.
286 2526 348 2589 205
370 2522 403 2586 P.
444 2521 525 2607 περὶ
543 2510 589 2588 oia
611 2521 668 2587 καί
689 2519 746 2587 διὰ
775 2524 835 2586 τού
855 2519 1045 2609 ψαλμριδοῦ
1076 2515 1302 2604 προθεσπίζει
1322 2518 1359 2583 τὸ

235 2626 381 2702 πνεῦμα.
426 2625 466 2690 ln
486 2625 538 2690 his
558 2647 658 2710 aeque
678 2631 774 2709 atque
794 2625 829 2690 in
851 2624 967 2690 ceteris
986 2628 1112 2688 tantum
1130 2643 1195 2688 non
1215 2623 1361 2690 omnibus

234 2721 439 2812 subiungitur
445 2729 613 2818 obiectum,
624 2730 716 2806 ,cuius
728 2718 835 2796 tamen
850 2729 978 2795 omissio
994 2749 1058 2793 non
1070 2747 1200 2810 prorsus
1214 2727 1361 2796 inaudita

234 2830 303 2894 fnit.
346 2828 413 2896 Nec
431 2829 466 2894 in
487 2835 578 2896 tanta
597 2830 719 2896 relicua
739 2831 934 2897 noviciorum
955 2831 1180 2909 inconstantia,
1203 2831 1258 2916 qui
1273 2852 1357 2898 seve-

231 2932 370 2999 rioribus
396 2934 549 3016 pristinae
569 2935 752 3020 graecitatis
773 2936 896 3021 legibus
917 2937 1035 3020 ubique
1055 2935 1260 3016 reluctantur,
1280 2937 1359 3004 haec

232 3033 358 3118 aliaque
379 3035 518 3118 plurima
539 3038 580 3104 ad
601 3038 746 3123 regulam
765 3039 868 3124 redigi
889 3043 1029 3120 possunt.

315 3139 378 3206 Sed
400 3143 477 3208 satis
499 3142 538 3209 de
559 3144 611 3209 bis
632 3143 767 3222 dietum,
789 3143 932 3227 adquae
953 3144 1058 3225 abripi
1079 3164 1136 3208 nos
1150 3142 1236 3224 passi
1252 3162 1359 3207 sumus

233 3245 363 3313 fortasse
379 3248 651 3316 inconsideratius.
688 3251 878 3334 Priusquam
892 3255 1000 3316 tamen
1014 3249 1091 3312 hinc
1105 3247 1263 3324 abeamus,
1287 3269 1358 3312 oum

229 3351 325 3418 semel
344 3351 446 3434 delati
466 3353 564 3418 simm
586 3353 628 3418 ad
648 3375 757 3421 vocem
778 3335 946 3440 καθαρός,
980 3351 1076 3416 etiam
1097 3351 1157 3415 hoc
1178 3349 1356 3434 adiungam,

231 3457 347 3522 multos
368 3463 480 3522 contra
496 3457 532 3522 in
546 3458 608 3523 hoc
620 3460 773 3526 vocabulo
795 3459 934 3524 haesisse
956 3463 989 3522 et
1007 3456 1127 3539 optimo
1143 3454 1271 3540 quidem
1287 3455 1357 3520 iure

229 3560 368 3628 haesisse
388 3561 423 3625 in
443 3561 511 3628 rita
531 3562 642 3630 Niciae
672 3586 697 3630 c.
725 3568 775 3642 18,
801 3564 858 3630 ubi
879 3569 1049 3648 postquam
1070 3561 1242 3647 Gylippum
1262 3561 1352 3626 inno·

231 3665 329 3732 tuerit
350 3665 555 3762 Syracusanis
583 3689 677 3753 opem
701 3670 841 3752 laturum
867 3690 948 3748 esse,
976 3669 1083 3735 Nicias
1110 3671 1259 3733 narratur
1286 3659 1358 3731 ύπδ

232 3774 290 3859 τῆς
305 3771 340 3838 ἒν
353 3778 402 3860 τῷ
418 3773 561 3863 παρόντι
576 3771 693 3866 ῥώμης
708 3776 764 3843 καί
785 3771 883 3864 τύχης
897 3771 1188 3862 ἀνατεθαρρηκώς,
1207 3769 1354 3857 μάλιστα
1370 3777 1372 3782 ’

232 3871 268 3938 δὲ
290 3875 363 3950 τοῖς
386 3871 423 3938 ἐκ
451 3877 670 3962 Συρακουσῶν
693 3876 946 3961 διαλεγομένοις
969 3873 1081 3965 κρύφα
1102 3871 1159 3939 καί
1181 3873 1355 3956 πέμπουσι

231 3969 317 4059 πρὸς
338 3965 438 4038 αύτδν
452 3967 533 4038 ὅσον
546 3964 642 4038 odae
664 3973 722 4060 τὴν
739 3970 839 4039 πόλιν
854 3970 1054 4040 ἐνδίδοσθαι
1069 3970 1155 4037 κατὰ
1173 3967 1354 4055 συμβάσεις

230 4066 372 4154 νομίζων
383 4065 503 4139 ούδένα
518 4075 578 4139 τοῦ
588 4070 767 4149 Γυλίππου
780 4070 881 4160 λόγον
895 4071 968 4156 ἔσχε
983 4074 1236 4164 προσπλέοντος
1256 4069 1354 4142 οὐδὲ

231 4174 420 4262 φυλακήν
435 4173 673 4263 ἐποιήσατο
689 4176 892 4266 καθαρὰν,
908 4170 995 4243 οἰλλυί
1007 4178 1053 4263 τῷ
1068 4175 1238 4255 παντελῶς
1249 4171 1353 4266 ύπερ-

229 4282 376 4369 δρᾶσθαι
396 4278 455 4347 καί
469 4286 762 4371 καταφρονεῖσθαι
783 4279 901 4347 λαθαίν
913 4276 1044 4348 αύτδνδ
1063 4274 1143 4369 ἀνὴρ
1160 4277 1353 4348 εἰσέπλευσε

229 4383 283 4450 διὰ
296 4389 358 4452 τού
374 4385 535 4472 πόρθμου
550 4389 618 4453 κτλ.
662 4388 702 4454 In
720 4387 859 4454 hiscum
875 4384 1032 4476 καθαρὰν
1050 4391 1228 4454 ποιεῖσθαι
1243 4387 1353 4474 φυλα-

229 4485 285 4571 κήν
300 4493 368 4554 tam
382 4489 555 4556 absurdum
569 4492 611 4557 sit
632 4497 665 4559 et
686 4471 871 4569 ridiculum‘,
893 4496 929 4556 ut
944 4491 1025 4557 nihil
1041 4492 1142 4576 magis
1165 4512 1232 4559 esse
1246 4491 1353 4573 possit

229 4586 307 4653 mdli
325 4589 361 4654 in
381 4609 419 4658 eo
447 4593 645 4660 emendando
671 4597 884 4678 pepercerunt
904 4613 1019 4677 operae
1038 4595 1098 4661 viri
1119 4592 1306 4673 doctissimi,
1334 4612 1352 4658 e
