3534 5392
657 509 849 574 ..5-

187 680 304 749 babilis
336 680 452 763 opinor
481 676 654 762 excogitari
688 680 794 758 potest
823 673 922 752 ratio,
956 693 1013 738 cur
1047 669 1249 752 Plutarchus,
1281 674 1315 740 in

188 807 313 852 summa
332 807 383 863 re,
410 783 536 867 qualem
557 783 591 846 in
612 781 789 847 Annalibus
818 779 1036 864 pervolgatam
1066 779 1163 847 fuisse
1193 784 1315 846 certum

189 892 250 965 est,
279 908 351 952 cum
378 885 492 950 ceteris
520 883 646 968 egregie
659 883 883 959 consentiens,
912 881 993 946 miro
1015 881 1153 966 quodam
1182 888 1214 949 et
1235 904 1316 948 novo

190 1013 320 1077 prorsus
341 990 484 1056 dissensu
505 1010 543 1054 ac
566 989 643 1053 data
663 988 754 1071 quasi
776 1008 873 1069 opera
893 987 928 1050 in
950 973 1104 1072 singulari
1124 1010 1160 1054 re
1174 989 1313 1073 argutio·

188 1123 257 1166 rem
277 1110 315 1164 ac
336 1097 363 1163 si
378 1096 440 1162 diis
460 1096 566 1178 placet
579 1079 837 1160 ‘verecundiorem
860 1095 1053 1160 narrationis
1071 1095 1209 1178 speciem
1223 1117 1314 1178 prae·

153 1215 163 1234 ·
192 1204 304 1272 tulerit
324 1201 376 1268 vel
396 1202 465 1284 ipse
487 1198 676 1266 confinxerit
696 1198 925 1282 confictamque
945 1201 1154 1283 proposuerit.
1198 1200 1318 1268 Verum

190 1329 231 1374 ex
252 1325 390 1390 quonam
411 1307 539 1368 auctore
562 1322 644 1366 nova
664 1301 743 1368 haec
766 1307 946 1366 commenta
967 1300 1179 1386 desumpserit
1203 1323 1318 1386 parum

194 1417 319 1480 constat
337 1414 559 1494 constaretque
580 1408 693 1489 opinor
712 1407 780 1472 sine
802 1407 1029 1487 controversia,
1059 1409 1086 1473 si
1104 1407 1319 1492 discrepantia

190 1516 248 1581 illa
270 1514 390 1579 diserto
421 1510 559 1595 quodam
588 1508 752 1591 scriptoris
781 1508 964 1573 testimonio
994 1509 1156 1576 niteretur.
1209 1509 1318 1595 Neque

191 1641 250 1706 ego
264 1617 407 1704 quidem,
426 1615 555 1680 sirecte
572 1614 776 1680 Plutarchum
797 1614 883 1692 novi,
903 1612 1060 1680 diversam
1078 1635 1150 1680 enm
1164 1637 1184 1682 a
1198 1615 1320 1700 volgari

191 1723 365 1790 traditione
381 1718 586 1795 sententiam,
607 1718 672 1787 sive
687 1718 756 1800 ipse
771 1717 854 1782 hanc
873 1715 1011 1783 finxerat
1032 1719 1096 1784 sive
1118 1718 1204 1802 apud
1219 1719 1316 1786 Grae·

192 1853 265 1897 cum
277 1828 465 1894 Latinumve
485 1824 667 1907 quempiam
688 1823 875 1905 scriptorem
897 1823 1076 1902 invenerat,
1095 1845 1318 1892 commemora·

192 1935 301 1995 turum
325 1926 422 1992 fuisse
442 1925 551 2002 credo,
578 1931 699 1989 utnon
720 1924 880 1988 dissensus
900 1924 949 1989 sui
971 1925 1128 1990 rationem
1147 1925 1244 1992 verbo
1265 1947 1318 1992 ex·

192 2037 340 2120 plicaret,
356 2055 427 2099 cum
441 2031 630 2114 praesertim
645 2029 685 2096 ab
702 2029 817 2106 altera,
836 2051 933 2112 quam
946 2031 981 2094 in
990 2029 1216 2107 Quaestionum
1229 2031 1321 2098 libris

193 2139 357 2223 amplexus
372 2142 454 2214 erat,
472 2157 588 2221 magno
602 2155 697 2217 opere
711 2134 908 2200 abhorreret.
937 2134 996 2200 His
1011 2135 1157 2200 omnibus
1171 2135 1320 2203 adcurate

193 2243 370 2330 perpensis,
397 2242 459 2307 nisi
480 2240 594 2323 cupide
616 2260 710 2324 agere
731 2238 877 2316 velimus,
907 2259 1005 2304 unum
1025 2239 1085 2304 hoc
1107 2238 1254 2304 relictum
1275 2240 1320 2306 vi·

194 2349 295 2425 detur,
314 2352 352 2411 ut
371 2344 576 2410 librariorum
596 2342 650 2407 hic
669 2362 727 2406 nos
741 2340 810 2405 ludi
830 2339 998 2406 credamus
1017 2340 1124 2424 aliquo
1145 2349 1322 2410 commento

195 2459 229 2520 et
254 2451 444 2518 Plutarchus
471 2447 609 2514 dederit:
659 2441 729 2509 Kal
756 2443 814 2531 τὴν
842 2440 1038 2531 Λαρεντίαν
1067 2435 1168 2510 οὖσαν
1197 2437 1326 2532 ὡραίαν
1391 2447 1394 2458 “

197 2558 266 2624 καὶ
296 2549 337 2623 εὖ
363 2579 448 2632 πως
477 2553 668 2640 ἐπιφανῆ
692 2546 954 2632 μισθωσάμενος
981 2546 1157 2630 εἱστίασεν,
1181 2551 1267 2635 quod
1286 2557 1320 2618 et

197 2662 354 2745 corruptis
380 2658 499 2724 litteris
526 2662 559 2721 et
586 2655 770 2722 sententiae.
790 2651 938 2735 pariliter
965 2651 1240 2738 adcommodatum
1267 2659 1323 2719 est.

198 2771 269 2846 cfr,
286 2769 314 2832 si
329 2787 444 2849 operae
465 2763 617 2844 pretium,
631 2761 725 2827 Anat.
743 2765 783 2826 40
805 2750 841 2823 εὖ
865 2781 939 2834 πως
958 2759 1147 2822 καθεστῶτι
1169 2760 1217 2844 τῷ
1239 2783 1324 2840 ττροτ

199 2872 311 2956 σάπῳ.
341 2865 478 2952 Sympl,
492 2873 512 2932 4
528 2884 558 2947 p.
573 2863 661 2931 rhod
675 2855 711 2928 εὖ
732 2886 804 2938 πως
826 2858 1090 2949 συγκεκραμένον
1106 2859 1192 2950 πρὸς
1210 2854 1323 2949 άμφό-

199 2999 289 3065 τερα.
324 2973 411 3039 Caes.
424 2976 462 3038 16
483 2962 518 3034 εὖ
532 2964 625 3051 μάλα
640 2964 792 3052 κατηφὴς
814 2963 872 3030 καὶ
888 2962 1137 3052 δεδακρυμένος.
1176 2962 1269 3029 Arist.
1283 2972 1324 3032 27

199 3081 422 3168 θυγατριδοῦν
442 3064 591 3158 ripula
613 3072 749 3159 πένητα.
778 3071 889 3138 Artax.
911 3077 948 3137 17
971 3062 1006 3136 εὖ
1031 3068 1068 3136 δέ
1091 3095 1163 3149 πως
1184 3069 1240 3137 καὶ
1262 3075 1327 3138 τῶν

201 3180 308 3263 κύβων
329 3171 507 3243 πεσόντων.
529 3170 839 3258 Sept.sap.p.161i
858 3161 894 3234 εὖ
918 3191 991 3246 πως
1013 3168 1242 3255 φυλαξάμενοι
1269 3171 1327 3240 καὶ

200 3282 395 3371 κάμψαντες
405 3286 439 3346 et
457 3278 604 3361 exempla
622 3275 919 3342 aWinckelmanno
930 3272 1185 3340 adPlut.Erotic.
1196 3296 1226 3357 p.
1240 3282 1327 3344 roae

199 3392 298 3456 citato
318 3391 351 3454 et
369 3407 452 3470 quae
462 3382 582 3458 Aetius,
604 3397 796 3464 quamquam
815 3397 879 3441 non
895 3396 1024 3459 prorsus
1047 3380 1134 3442 recte
1148 3374 1323 3459 disputans,

201 3491 358 3578 congessit
379 3488 420 3554 ad
439 3487 518 3552 Plat.
541 3482 673 3550 Phaedr.
697 3503 727 3565 p.
743 3487 803 3548 291
825 3486 858 3548 et
876 3480 928 3546 Fr.
951 3480 1077 3546 Franke
1100 3479 1142 3547 ed
1164 3483 1326 3550 Demosth.

201 3594 287 3662 Orat
308 3590 445 3672 Philipp.
467 3610 496 3672 p.
524 3592 560 3654 18
583 3609 628 3671 sq.
677 3586 798 3668 Nempe
826 3607 899 3662 τως
928 3584 1047 3652 adiecit
1074 3583 1263 3654 Plutarchus
1292 3593 1328 3654 ut

203 3694 371 3762 mirificam
386 3692 617 3778 quodammodo
634 3691 697 3758 sibi
712 3691 811 3756 visam
832 3711 899 3756 esse
916 3689 1110 3776 significaret
1131 3693 1214 3759 hano
1227 3717 1327 3762 mere-

202 3799 337 3866 triculae
359 3797 591 3877 celebritatem
622 3818 718 3880 quam
738 3801 813 3878 apte
834 3801 942 3862 autem
965 3787 1002 3862 εὖ
1026 3820 1099 3874 πως
1119 3801 1329 3886 coniungatur

202 3926 275 3971 cnm
297 3901 457 3987 ἐπιφανῆ,
474 3922 538 3966 non
559 3922 638 3984 opus
660 3906 708 3966 est
726 3922 863 3968 monere.
900 3900 1058 3987 Numqui
1079 3902 1230 3972 adcurate
1252 3929 1325 3973 oon-

202 4003 344 4089 posue1it
370 4001 533 4068 Plutarchi
563 4002 781 4068 narrationem
813 4023 885 4068 cum
919 4003 1147 4083 Macrobianis,
1185 4008 1215 4073 ei
1243 4009 1329 4076 haud

202 4105 333 4172 difficile
354 4108 467 4188 opinor
487 4102 740 4186 persuadebitur,
762 4125 834 4169 cum
857 4104 944 4187 apud
970 4106 1137 4190 antiquum
1159 4110 1328 4178 Annalium

204 4207 405 4289 scriptorem,
422 4226 516 4289 quem
528 4226 550 4272 a
563 4204 735 4271 Plutarcho
749 4199 928 4270 consultum
942 4205 1038 4272 fuisse
1054 4209 1229 4290 statuimus,
1245 4235 1327 4280 soor·
1394 4267 1398 4274 .

127 4339 130 4345 ·
202 4314 272 4373 tum
293 4311 510 4388 nuncupatum
532 4311 614 4374 esset
634 4309 861 4385 οοαίῑιὲνιααυνυ,
884 4307 946 4374 hoc
967 4309 1102 4374 nimium
1116 4313 1208 4395 quasi
1229 4313 1332 4382 laudis

205 4412 307 4476 visum
336 4410 447 4488 fnisse,
473 4409 570 4494 qnod,
604 4414 641 4474 nt
671 4409 775 4476 lenius
803 4414 937 4492 poneret
962 4430 1021 4493 pro
1052 4410 1195 4492 fortiore,
1226 4416 1334 4501 aliqua
1440 4395 1443 4401 ⁵

207 4511 383 4580 adiectione
403 4512 612 4578 coercendum
631 4511 791 4580 indicavit.
834 4513 1006 4596 ignorabat
1026 4515 1124 4594 enim,
1147 4538 1222 4583 nam
1242 4522 1331 4584 tenui

210 4615 379 4683 admodum
402 4620 556 4684 sermonis
577 4617 684 4684 latini
712 4619 886 4684 instructus
908 4623 978 4685 erat
998 4619 1126 4700 notitia,
1152 4643 1216 4706 qua
1236 4621 1276 4688 de
1296 4644 1331 4687 re
