3534 5392
714 493 928 558 -91..

253 647 344 716 inter
366 649 567 720 scribendum
588 653 697 739 ulique
717 676 758 721 ex
777 654 883 722 taedio
904 655 1118 743 neglegentia,
1140 655 1390 742 praepositiones

252 752 501 836 conpositomm,
522 759 675 842 tanquam
695 757 813 823 nullius
835 759 999 839 commodi
1019 767 1150 845 arrepta
1168 765 1294 827 tentum
1308 779 1389 843 quae

253 871 289 918 re
305 853 417 920 animo
438 852 592 923 offerebat
612 862 760 924 nctarmn
780 877 893 926 vocum
912 861 1026 943 specie,
1046 863 1275 941 omitterentur,
1294 859 1391 944 idque

252 950 361 1018 multo
382 952 477 1020 leh'us
498 954 533 1018 in
555 955 663 1025 codice
684 957 857 1044 archetypo
885 960 991 1042 patuit
1009 982 1106 1044 quam
1125 961 1217 1047 volgo
1238 959 1388 1028 creditu.

341 1053 384 1120 In
403 1055 473 1122 loco
492 1056 556 1134 lx,
580 1065 634 1138 15,
655 1064 726 1142 ip,
749 1059 851 1140 med,
871 1062 929 1129 ubi
949 1063 1054 1130 editur
1074 1063 1131 1131 καί
1152 1063 1215 1151 γὰρ
1238 1059 1320 1149 αῦτη
1342 1054 1383 1148 (ἦ

253 1151 418 1248 ῦρχησις)
448 1161 504 1228 καί
533 1159 707 1250 πάνδημόν
740 1189 815 1230 τινα
844 1169 1020 1257 ποιητικήν
1048 1165 1386 1258 προσεταιρισαμένη,

251 1264 314 1348 τῆς
335 1258 366 1330 d’
391 1257 550 1352 οὐρανίας
571 1263 817 1332 ἐκπεσοῦσα
838 1264 1023 1354 ἐκείνης,
1047 1288 1218 1351 perperam
1238 1264 1387 1332 Bemele-

254 1389 313 1433 rus
329 1369 439 1436 nescio
455 1389 518 1453 quo
532 1389 641 1436 errore
660 1369 892 1436 circumductus
906 1391 966 1454 pro
988 1368 1113 1456 ἐκείνης
1134 1371 1310 1438 breviorem
1322 1368 1386 1434 for·

251 1495 342 1542 mum
357 1471 466 1560 κείνης
487 1474 658 1542 Plutarcho
680 1475 849 1542 obtrudere
871 1482 1002 1542 conatus
1017 1481 1074 1554 est,
1097 1477 1186 1542 cuius
1207 1475 1293 1560 apud
1314 1495 1387 1542 eum

256 1586 416 1666 conparet
436 1603 496 1649 nec
510 1582 582 1648 vola
599 1603 658 1648 nec
679 1583 854 1670 uestigium
895 1582 957 1650 Sed
977 1583 1030 1650 his
1048 1582 1224 1650 refutandis
1242 1600 1386 1665 superse·

256 1685 332 1754 deri
353 1687 473 1770 inpune
494 1687 626 1770 poterit,
651 1688 748 1755 immo
766 1688 821 1756 hic
842 1709 968 1775 quoque
987 1689 1167 1776 gratissimo
1191 1687 1389 1755 traiectionis

251 1792 428 1859 verborum
449 1790 640 1858 adminiculo
662 1814 758 1877 quam
778 1793 916 1860 maxime
936 1793 1090 1861 utendum
1112 1798 1190 1873 erat,
1211 1797 1249 1858 ut
1270 1791 1385 1860 scribe·

249 1902 345 1964 retur
372 1899 444 1982 τῆς
473 1890 503 1961 d’
526 1889 733 1985 οὐρανίας
760 1893 925 1984 ἐκείνης
952 1896 1212 1963 ἐκπεσοῦσα.
1261 1893 1324 1961 sed
1354 1899 1389 1961 eb

252 2004 337 2071 haec
366 2023 450 2068 nunc
471 2003 670 2070 dimittamus
690 2009 723 2070 et
740 2003 945 2070 Bensclerum
971 2007 1077 2088 ipsum
1104 2026 1132 2071 v.
1154 2003 1194 2083 d,
1214 2003 1270 2088 qui
1295 2001 1387 2068 nobis

253 2111 343 2178 hanc
366 2130 488 2176 moram
506 2111 632 2189 iniecit,
660 2132 732 2176 oum
761 2133 842 2195 quae
871 2110 994 2177 dehac
1023 2131 1119 2176 causa
1144 2131 1233 2176 ame
1253 2108 1388 2193 aliisque

254 2221 289 2284 et
302 2217 345 2284 ab
361 2214 506 2282 hiatuum
526 2213 605 2280 adeo
627 2213 877 2299 desultoribus*)
901 2215 936 2279 in
948 2213 1063 2281 ceteris
1077 2211 1242 2278 Plutarchi
1260 2211 1388 2295 scriptis

254 2317 345 2384 inter
366 2315 535 2402 legendum
559 2315 726 2382 observata
747 2320 829 2395 sunt
849 2315 913 2382 alio
930 2315 1000 2383 loco
1013 2316 1139 2400 alioque
1159 2319 1311 2397 tempore,
1331 2313 1388 2380 ubi

255 2420 417 2488 Herchen'
447 2419 615 2505 diligentia
635 2440 732 2486 novos
752 2421 916 2503 aperuerit
941 2421 1102 2486 variarum
1124 2418 1297 2486 lectionum
1314 2419 1385 2486 the·

256 2545 383 2605 sauros,
412 2525 479 2590 sine
509 2524 625 2609 quibus
654 2525 689 2590 in
709 2530 776 2590 tam
797 2526 931 2609 ancipiti
962 2531 995 2592 et
1015 2525 1178 2592 celebrem
1206 2547 1242 2591 re
1271 2524 1387 2608 pedem

256 2644 447 2708 promovere
471 2629 576 2706 potest
597 2645 702 2703 nemo,
724 2624 819 2707 plene
849 2625 1074 2709 enucleateque
1095 2625 1295 2707 expositurus
1316 2625 1385 2692 sim.

253 2726 372 2812 Itaque
393 2725 489 2793 redeo
510 2726 595 2794 unde
615 2726 776 2812 digressus
795 2747 873 2792 sum.

343 2827 446 2913 Saepe
466 2827 586 2894 dictum
608 2834 741 2896 estnon
763 2849 879 2912 paucos
901 2829 1176 2917 Symposiacorum
1197 2828 1283 2895 locos
1299 2828 1383 2896 insa·

253 2930 381 3000 nabiles
401 2929 510 3010 videri,
532 2929 616 3015 quod
637 2929 823 2999 lacunarum
843 2936 1030 3016 premantur
1051 2932 1240 3016 suspitione3
1261 2931 1297 2996 in
1312 2931 1385 2999 aliis

254 3035 396 3104 feliciter
417 3034 542 3102 detecta
563 3035 678 3102 lacuna
691 3035 778 3102 facili
799 3037 961 3103 molimine
983 3037 1105 3120 expleri
1123 3042 1237 3120 potest
1258 3041 1295 3101 ut
1315 3037 1385 3105 loco

257 3162 342 3208 nova
366 3159 495 3225 prorsus
517 3143 551 3206 et
563 3139 782 3225 inexspectata
801 3140 858 3207 lux
878 3141 1048 3227 ediulgeat.
1085 3141 1194 3208 Unum
1213 3141 1387 3210 alterumve

256 3245 414 3313 subiciam
435 3244 622 3328 exemplum.

340 3353 437 3420 libro
451 3351 506 3432 IV,
527 3359 555 3432 5,
581 3361 596 3421 1
616 3374 647 3436 p.
673 3359 767 3422 670a
786 3352 950 3438 inquirens
971 3353 1007 3419 in
1026 3359 1135 3438 partes
1156 3374 1235 3439 quas
1256 3375 1329 3420 sues
1349 3356 1384 3420 in

253 3483 290 3528 re
306 3455 424 3522 cereali
445 3455 638 3536 habuissent
659 3455 813 3541 quosdam
831 3455 1003 3524 credidisse
1024 3456 1079 3536 ait,
1099 3477 1158 3542 per
1178 3477 1250 3524 sues
1272 3457 1385 3524 arandi

255 3562 427 3631 artificium
447 3567 658 3630 monstratum
687 3583 770 3642 esse,
797 3567 834 3629 ut
863 3562 919 3648 qui
939 3562 1129 3629 vocabulum
1156 3559 1244 3640 ῦννις
1272 3563 1312 3630 ab
1343 3551 1382 3642 ῦς
1439 3554 1443 3559 ’

256 3671 460 3737 derivassent.
503 3669 626 3737 Deinde
646 3671 753 3756 pergit
773 3666 804 3734 oi
830 3669 927 3736 δὲτὰ
948 3667 1111 3753 μαλθακοὶ
1131 3668 1188 3734 καὶ
1207 3669 1304 3734 κοῖλα
1326 3671 1385 3756 τῆς

251 3767 364 3862 χώρας
384 3767 572 3858 Αἰγύπτιοι
601 3776 835 3861 γεωργοῦντες,
869 3767 939 3839 οὐδ’
960 3765 1103 3863 ἀρότρου
1123 3772 1256 3839 δέονται
1276 3797 1385 3840 τοπα-

256 3871 381 3967 ράπαν·
398 3869 470 3941 ἀλλ’
486 3871 566 3942 ὅταν
583 3867 602 3943 ὁ
616 3876 739 3955 Νεῖλος
754 3869 908 3966 ἀπορρέῃ
924 3875 1131 3965 καταβρέξας
1146 3874 1206 3954 τὰς
1220 3869 1378 3966 ἀρούρας,

256 3979 669 4058 ἐπακολουθοῦντες
690 3979 767 4059 τὰς
787 3970 833 4059 ῦς
855 3980 1049 4065 κατέβαλον.
1085 3981 1172 4070 Quae
1193 3982 1291 4050 verba
1309 4003 1383 4048 con-

255 4106 369 4171 parare
391 4085 479 4152 iurat
496 4107 568 4152 cum
586 4085 774 4154 Herodoteis
795 4087 838 4166 ΙΙ,
863 4093 901 4153 14
925 4079 997 4182 ἀλλ’
1021 4082 1124 4152 ἐπεάν
1147 4108 1210 4174 σφι
1233 4081 1251 4152 ὁ
1275 4110 1385 4153 ποια-

326 4379 353 4447 *)
375 4382 462 4436 Veluti
485 4385 509 4436 si
526 4399 610 4451 nuper
627 4385 653 4437 in
672 4385 725 4438 vita
743 4384 834 4438 Dionis
848 4389 863 4439 6
876 4401 924 4452 pro
936 4385 1042 4452 volgato
1058 4382 1213 4456 φάρμακον
1227 4383 1384 4442 ὑπνωτικὸν

259 4473 379 4527 civerim
396 4468 492 4532 δόντες
510 4473 599 4526 dedita
617 4489 696 4540 epora
720 4475 896 4528 caecutientes
922 4474 1052 4538 reingere
1077 4473 1203 4528 volebant
1228 4469 1383 4547 φάρμακον

258 4561 379 4614 οἰκοῦντι
396 4557 554 4618 ὑπνωτικὸν
570 4555 665 4623 δόντες
688 4566 713 4614 et
736 4575 804 4628 quae
828 4567 890 4613 sunt
915 4559 966 4612 slis
990 4561 1098 4613 nonita
1122 4575 1207 4628 pauca
1227 4559 1306 4614 huius
1325 4561 1383 4613 dili·

259 4642 363 4710 gentico
382 4648 506 4698 monum.
