3534 5392
617 465 957 528 ·—41-

289 643 385 688 causa
408 622 522 689 eadem
541 621 670 688 dicendi
690 623 815 690 ratione
836 624 887 690 bis
908 625 956 690 uti
978 625 1133 706 noluerit3
1156 623 1328 710 eodemque
1348 627 1417 694 iure

288 729 367 796 Ptol.
381 729 484 810 Heph.
502 727 588 811 apud
598 728 688 794 Phet.
701 729 779 796 bibl.
795 729 862 795 cod.
883 735 941 798 100
956 750 986 812 p.
1001 730 1089 798 1de
1108 715 1149 798 116
1162 729 1291 812 scripsit
1301 725 1414 819 Ἑλένη

290 830 378 920 πρὸς
401 827 581 922 Βοᾶσοιλον
604 836 824 920 πορευθεῖσα.
867 832 961 915 Apud
984 833 1185 916 Procopium,
1207 838 1243 898 ut
1264 833 1418 918 sequioris

288 939 387 1002 etiam
408 937 523 1003 aetatis
540 943 707 1002 auctorum
726 936 784 1002 fiat
798 937 925 1015 mentio,
948 939 1079 1024 φοιτᾶν,
1104 931 1265 1025 ἔρχεσθαι
1285 943 1418 1021 atquae

292 1047 367 1106 suunt
387 1042 450 1107 alia
470 1042 620 1107 motionis
640 1041 856 1126 significativa,
876 1043 1007 1124 propria
1027 1063 1086 1109 sua
1103 1047 1259 1124 potestate
1280 1067 1324 1092 ——
1344 1065 1420 1110 nam

288 1140 423 1224 figurate
437 1139 559 1205 dictum
572 1162 729 1224 nusquam
741 1141 950 1223 reperitur-
960 1141 1145 1226 plerumque
1161 1147 1332 1209 occurrrmt
1346 1164 1419 1210 cum

287 1244 385 1332 ‚50an
408 1252 445 1311 ut
466 1248 494 1312 b.
516 1269 545 1332 g.
566 1269 597 1329 p.
614 1251 682 1325 172,
707 1253 742 1313 11
768 1267 800 1328 p.
822 1251 893 1324 201,
919 1252 932 1312 l
956 1267 986 1328 p.
1008 1250 1078 1324 253,
1105 1252 1142 1313 10
1163 1267 1193 1328 p.
1214 1252 1285 1326 537,
1309 1253 1328 1314 2
1350 1253 1418 1327 etc,

287 1348 373 1430 apud
386 1349 512 1415 Annam
529 1349 641 1416 eodem
659 1369 754 1415 sensu
768 1348 892 1436 φοιτᾶν
907 1349 1109 1434 coniungitur
1124 1371 1196 1416 cum
1217 1347 1303 1438 πρός
1319 1352 1419 1418 veluti

288 1478 319 1539 p.
342 1464 420 1536 204,
444 1465 457 1524 1
484 1457 571 1524 alias
617 1458 667 1522 Ex
687 1457 760 1522 aliis
787 1458 978 1524 senescentis
1005 1457 1190 1542 graecitatis
1211 1459 1418 1542 scriptoribus

288 1561 371 1626 nibil
398 1563 434 1626 in
461 1567 610 1646 promptu
639 1567 689 1628 est
714 1583 811 1646 quam
837 1562 933 1627 Leon.
963 1557 1092 1628 Diacon.
1122 1582 1155 1648 p.
1176 1564 1233 1640 86,
1267 1567 1304 1630 13
1332 1561 1417 1650 πρὸς

286 1664 344 1732 τὸν
353 1663 585 1756 αὐτοκράτορα
601 1662 845 1754 εῖσφοιτὴσασα
856 1661 890 1754 (ἦ
902 1664 1049 1752 pecatis)
1063 1672 1096 1733 et
1112 1667 1223 1736 Zonar.
1235 1665 1347 1734 Annal.
1359 1667 1416 1747 ΙΙΙ,

290 1778 329 1838 12
350 1794 381 1855 p.
402 1778 479 1852 251,
511 1778 548 1839 15
581 1775 700 1838 πεῖσον
723 1769 781 1859 τὴν
808 1775 946 1859 γυναῖκα
974 1775 1036 1838 τοῦ
1062 1771 1175 1839 ἐλθεῖν
1202 1771 1287 1861 πρὸς
1316 1767 1413 1860 ἡμᾶς,

289 1878 404 1961 quibus
422 1877 611 1962 subiungam
632 1875 662 1941 S.
684 1875 842 1960 chrysost.
863 1876 905 1942 de
926 1875 955 1942 S.
978 1876 1100 1961 Babylo
1120 1897 1151 1959 p.
1170 1881 1248 1954 246,
1269 1883 1309 1944 50
1333 1876 1418 1964 πρὸς

288 1976 390 2069 αὐτὴν
405 1977 638 2069 (Ἀφροδίτην)
652 1977 818 2047 εἰσελθεῖν
834 2000 938 2066 φασιν
954 1975 1156 2066 Ἥφαιστον,
1176 2001 1235 2046 nec
1252 1983 1360 2045 tamen
1375 2001 1416 2046 ne

289 2089 375 2171 apud
389 2088 448 2154 bos
462 2089 591 2174 quidem
603 2089 665 2154 hoc
685 2087 732 2152 ite
747 2085 955 2169 pertinaciter
967 2085 1094 2164 haeret,
1115 2090 1152 2149 ut
1166 2083 1268 2151 altero
1283 2105 1412 2166 prorsus

289 2189 510 2256 abstinuerint.
545 2190 633 2269 Quae
654 2211 727 2255 cum
747 2190 795 2256 ita
814 2190 880 2254 sint
897 2211 965 2256 rem
985 2190 1050 2256 iam
1072 2211 1110 2256 eo
1128 2190 1221 2257 nobis
1242 2189 1414 2258 adduxisse

289 2293 440 2371 videmur,
461 2298 498 2357 ut
511 2295 634 2378 φοιτᾶν
655 2287 750 2378 παρά
771 2316 846 2358 τινα
860 2293 901 2360 de
916 2293 1141 2360 conmotudine
1161 2315 1296 2362 venerea
1310 2296 1418 2378 paullo

288 2399 483 2483 frequentius
502 2400 599 2465 inisse
619 2399 832 2485 intellegatur,
853 2421 949 2484 quam
969 2422 1008 2487 φ.
1029 2396 1116 2490 πρός
1130 2423 1215 2481 τινα,
1235 2402 1283 2468 ite
1299 2407 1416 2483 tamen,

289 2509 326 2568 nt
338 2524 402 2568 non
415 2503 513 2569 semel
534 2503 619 2584 apud
632 2523 741 2568 omnes
762 2500 904 2569 omnium
925 2506 1067 2568 aetatum
1087 2502 1259 2584 scriptores
1277 2503 1414 2570 alterum

288 2600 323 2664 in
348 2600 480 2668 alterius
506 2602 607 2668 vicem
634 2603 676 2667 sit
701 2601 914 2667 substitutum.
958 2601 1010 2666 Ita
1037 2601 1075 2666 fit
1098 2608 1136 2668 ut
1166 2605 1214 2670 rei
1242 2625 1365 2670 summa
1396 2627 1416 2670 a

288 2705 431 2772 codicum
450 2706 518 2772 fere
539 2695 678 2790 pendeat
697 2707 894 2784 auctoritate,
914 2707 969 2790 qui
991 2707 1019 2771 si
1040 2705 1194 2772 dimicant
1213 2708 1300 2772 inter
1323 2705 1414 2794 πρός

290 2815 324 2875 et
347 2807 450 2896 σαροῖ,
472 2811 610 2878 liberum
629 2811 696 2878 iere
718 2815 774 2888 est,
795 2811 832 2874 in
851 2831 948 2894 quam
968 2809 1104 2894 quisque
1125 2810 1318 2878 descendere
1338 2811 1416 2878 velit

289 2915 421 2993 partem.
1371 2959 1374 2968 ·

228 3095 232 3102 ι
373 3004 473 3080 Nemo
494 3015 596 3080 nescit
616 3036 637 3080 a
655 3014 827 3081 Plutarcho
848 3015 982 3099 aliisque
999 3015 1139 3082 eiusdem
1159 3023 1263 3084 sectae
1281 3019 1412 3102 scripto-

290 3117 377 3183 1ibus
398 3119 551 3197 Lucieno,
573 3119 676 3183 Dione
698 3117 918 3202 Chrysostomo
941 3118 1026 3196 aliis,
1054 3139 1158 3185 erasas
1180 3121 1295 3203 quibus
1317 3122 1416 3189 Attici

288 3226 441 3304 perpetuo
463 3220 643 3297 utebantur,
665 3219 762 3285 recoli
785 3222 914 3300 coeptas
936 3239 1016 3296 esse,
1038 3217 1117 3284 adeo
1137 3224 1174 3283 ut
1189 3219 1265 3286 licet
1280 3243 1414 3308 magnus

286 3345 362 3390 sane
392 3346 503 3391 earum
529 3346 679 3390 numerus
704 3322 880 3414 'effloruerit
909 3322 994 3406 apud
1023 3323 1108 3402 illos,
1137 3325 1278 3406 potiores
1306 3331 1413 3394 temen

287 3430 459 3496 secundum
480 3429 577 3495 fixam
595 3428 755 3514 quandam
772 3428 917 3513 regulam
937 3427 1056 3510 passim
1072 3432 1246 3494 recurrant.
1291 3430 1361 3508 Qua
1373 3430 1414 3498 de

287 3557 322 3601 re
341 3536 486 3619 pluribus
505 3557 526 3601 a
546 3557 598 3601 me
619 3536 797 3618 expositum
818 3540 867 3602 est
884 3535 919 3599 in
939 3533 1064 3613 Quaest.
1087 3534 1168 3603 Plut.
1185 3534 1236 3601 III
1252 3557 1282 3619 p.
1303 3541 1341 3604 51
1359 3557 1413 3623 sq,

288 3641 420 3708 fortasse
442 3662 505 3706 non
526 3640 711 3720 infeliciter,
741 3661 935 3726 quamquam
963 3640 1099 3725 ingenue
1122 3639 1336 3708 confitendum
1358 3649 1414 3722 cst,

289 3742 444 3829 quidquid
472 3743 661 3827 profecerim
692 3745 844 3828 pusillum
876 3745 980 3810 videri
1011 3765 1088 3826 prae
1121 3766 1157 3811 eo
1190 3746 1275 3832 quod
1304 3751 1413 3816 restat.

289 3854 393 3937 Atque
410 3853 445 3918 in
459 3851 572 3919 eadem
587 3874 688 3935 paene
702 3852 743 3919 de
758 3854 928 3920 Plutarcho
942 3850 1034 3920 video
1056 3873 1123 3918 csse
1141 3853 1299 3920 sententia
1315 3854 1411 3922 Cobe-

288 3961 357 4020 tnm
369 3955 485 4023 Mnem.
500 3959 581 4021 1862
593 3975 623 4037 p.
636 3959 706 4034 335,
726 3976 921 4040 quamquam
941 3975 1006 4020 non
1019 3959 1144 4020 tantam
1158 3954 1305 4038 equidem
1319 3956 1414 4022 hrrius

289 4059 453 4143 scriptoris
477 4060 512 4124 in
533 4060 584 4124 his
604 4059 700 4125 rebus
721 4061 982 4145 aequabilitatem
1010 4058 1106 4124 fuisse
1139 4058 1345 4140 crediderim,
1376 4067 1413 4128 ut
1536 4083 1540 4090 ·

289 4165 467 4249 ubicunque
479 4167 616 4231 severior
623 4165 800 4231 Atticorum
814 4187 926 4232 norma
939 4165 1055 4232 cresim
1066 4165 1116 4232 vel
1132 4165 1228 4231 etiam
1243 4165 1411 4236 diaeresim

287 4271 436 4354 postulat,
456 4276 680 4355 praeterquam
701 4272 736 4336 in
748 4271 820 4336 fixis
838 4271 937 4338 veluti
958 4271 994 4336 in
1014 4270 1127 4349 καλὸς
1139 4263 1301 4357 κάγαθός,
1325 4279 1412 4340 certo

289 4398 414 4460 semper
432 4375 560 4442 foedere
588 4377 717 4456 iunctis,
739 4397 898 4461 nusquam
918 4375 1118 4458 usurpaverit
1145 4373 1263 4442 formas
1285 4376 1410 4442 solutas.

290 4479 420 4548 Habent
447 4477 533 4544 enim
564 4478 659 4545 hirius
690 4484 835 4546 monetae
866 4477 1038 4560 scriptores
1065 4479 1229 4564 propriam
1259 4499 1349 4544 suam
1377 4477 1412 4542 in

289 4578 480 4664 quibusdam
491 4579 587 4648 rebus
606 4579 851 4652 inconstantiam
864 4583 898 4646 et
918 4599 981 4668 qpo
1000 4579 1193 4648 recentiores
1212 4583 1300 4659 aunt,
1321 4582 1412 4646 tanto
