<?xml version="1.0" encoding="UTF-8"?>
<!DOCTYPE html PUBLIC "-//W3C//DTD XHTML 1.0 Transitional//EN"
    "http://www.w3.org/TR/xhtml1/DTD/xhtml1-transitional.dtd">
<html xmlns="http://www.w3.org/1999/xhtml" xml:lang="en" lang="en">
 <head>
  <title>
</title>
<meta http-equiv="Content-Type" content="text/html;charset=utf-8" />
  <meta name='ocr-system' content='tesseract 3.04.00' />
  <meta name='ocr-capabilities' content='ocr_page ocr_carea ocr_par ocr_line ocrx_word'/>
</head>
<body>
  <div class='ocr_page' id='page_1' title='image "./vindiciarumplut01doehgoog_0116.png"; bbox 0 0 3534 5392; ppageno 0'>
   <div class='ocr_carea' id='block_1_1' title="bbox 830 481 1065 549">
    <p class='ocr_par' dir='ltr' id='par_1_1' title="bbox 830 481 1065 549">
     <span class='ocr_line' id='line_1_1' title="bbox 830 481 1065 549; baseline 0 -1"><span class='ocrx_word' id='word_1_1' title='bbox 830 481 1065 549; x_wconf 44' lang='lat'><strong>2108-</strong></span> 
     </span>
    </p>
   </div>
   <div class='ocr_carea' id='block_1_2' title="bbox 385 645 1511 936">
    <p class='ocr_par' dir='ltr' id='par_1_2' title="bbox 385 645 1511 936">
     <span class='ocr_line' id='line_1_2' title="bbox 385 645 1511 734; baseline 0 -22"><span class='ocrx_word' id='word_1_2' title='bbox 385 645 499 732; x_wconf 84' lang='lat' dir='ltr'>quibus</span> <span class='ocrx_word' id='word_1_3' title='bbox 528 648 590 716; x_wconf 78' lang='lat' dir='ltr'>n&#39;te</span> <span class='ocrx_word' id='word_1_4' title='bbox 612 649 791 731; x_wconf 77' lang='lat' dir='ltr'>conputatio</span> <span class='ocrx_word' id='word_1_5' title='bbox 813 649 1033 734; x_wconf 81' lang='lat' dir='ltr'>gravissimum</span> <span class='ocrx_word' id='word_1_6' title='bbox 1053 649 1104 716; x_wconf 80' lang='lat' dir='ltr'>rel</span> <span class='ocrx_word' id='word_1_7' title='bbox 1126 647 1338 716; x_wconf 75' lang='lat' dir='ltr'><strong>damnationis</strong></span> <span class='ocrx_word' id='word_1_8' title='bbox 1359 646 1410 713; x_wconf 86' lang='lat' dir='ltr'>vel</span> <span class='ocrx_word' id='word_1_9' title='bbox 1430 645 1511 713; x_wconf 80' lang='lat' dir='ltr'>h&#39;be·</span> 
     </span>
     <span class='ocr_line' id='line_1_3' title="bbox 385 747 1509 833; baseline 0 -21"><span class='ocrx_word' id='word_1_10' title='bbox 385 748 518 814; x_wconf 85' lang='lat' dir='ltr'>rationis</span> <span class='ocrx_word' id='word_1_11' title='bbox 550 749 641 816; x_wconf 82' lang='lat' dir='ltr'>fieret</span> <span class='ocrx_word' id='word_1_12' title='bbox 669 749 835 829; x_wconf 82' lang='lat' dir='ltr'>indicium,</span> <span class='ocrx_word' id='word_1_13' title='bbox 866 756 1085 833; x_wconf 81' lang='lat' dir='ltr'>conponantur</span> <span class='ocrx_word' id='word_1_14' title='bbox 1113 772 1186 817; x_wconf 89' lang='lat' dir='ltr'>cum</span> <span class='ocrx_word' id='word_1_15' title='bbox 1215 749 1287 815; x_wconf 81' lang='lat' dir='ltr'>aliia</span> <span class='ocrx_word' id='word_1_16' title='bbox 1310 747 1509 832; x_wconf 63' lang='lat' dir='ltr'>oymbolr&#39;oad</span> 
     </span>
     <span class='ocr_line' id='line_1_4' title="bbox 386 846 1511 936; baseline 0.001 -24"><span class='ocrx_word' id='word_1_17' title='bbox 386 846 522 936; x_wconf 82' lang='lat' dir='ltr'>aliarum</span> <span class='ocrx_word' id='word_1_18' title='bbox 548 869 655 914; x_wconf 89' lang='lat' dir='ltr'>rerum</span> <span class='ocrx_word' id='word_1_19' title='bbox 676 847 829 913; x_wconf 84' lang='lat' dir='ltr'>indicium</span> <span class='ocrx_word' id='word_1_20' title='bbox 850 847 1015 913; x_wconf 91' lang='lat' dir='ltr'>hominum</span> <span class='ocrx_word' id='word_1_21' title='bbox 1039 854 1108 914; x_wconf 81' lang='lat' dir='ltr'>arte</span> <span class='ocrx_word' id='word_1_22' title='bbox 1134 868 1292 933; x_wconf 87' lang='lat' dir='ltr'>manuque</span> <span class='ocrx_word' id='word_1_23' title='bbox 1320 846 1511 929; x_wconf 77' lang='lat' dir='ltr'>conparatis.</span> 
     </span>
    </p>
   </div>
   <div class='ocr_carea' id='block_1_3' title="bbox 383 949 1513 2182">
    <p class='ocr_par' dir='ltr' id='par_1_3' title="bbox 383 949 1513 2182">
     <span class='ocr_line' id='line_1_5' title="bbox 387 949 1511 1037; baseline 0.001 -22"><span class='ocrx_word' id='word_1_24' title='bbox 387 949 444 1015; x_wconf 86' lang='lat' dir='ltr'>Cui</span> <span class='ocrx_word' id='word_1_25' title='bbox 464 956 501 1016; x_wconf 81' lang='lat' dir='ltr'>ut</span> <span class='ocrx_word' id='word_1_26' title='bbox 522 952 623 1018; x_wconf 86' lang='lat' dir='ltr'>omnis</span> <span class='ocrx_word' id='word_1_27' title='bbox 646 951 773 1017; x_wconf 89' lang='lat' dir='ltr'>omnino</span> <span class='ocrx_word' id='word_1_28' title='bbox 799 951 932 1018; x_wconf 75' lang='lat' dir='ltr'>tollatur</span> <span class='ocrx_word' id='word_1_29' title='bbox 958 951 1123 1034; x_wconf 83' lang='lat' dir='ltr'>scrupulus</span> <span class='ocrx_word' id='word_1_30' title='bbox 1148 951 1245 1018; x_wconf 80' lang='lat' dir='ltr'>etiam</span> <span class='ocrx_word' id='word_1_31' title='bbox 1272 952 1333 1018; x_wconf 85' lang='lat' dir='ltr'>hoo</span> <span class='ocrx_word' id='word_1_32' title='bbox 1363 951 1511 1037; x_wconf 81' lang='lat' dir='ltr'>subiungi</span> 
     </span>
     <span class='ocr_line' id='line_1_6' title="bbox 385 1053 1511 1141; baseline 0.003 -22"><span class='ocrx_word' id='word_1_33' title='bbox 385 1058 503 1136; x_wconf 73' lang='lat' dir='ltr'>potest,</span> <span class='ocrx_word' id='word_1_34' title='bbox 530 1075 594 1120; x_wconf 89' lang='lat' dir='ltr'>uon</span> <span class='ocrx_word' id='word_1_35' title='bbox 617 1055 713 1122; x_wconf 81' lang='lat' dir='ltr'>semel</span> <span class='ocrx_word' id='word_1_36' title='bbox 737 1053 942 1133; x_wconf 83' lang='lat' dir='ltr'>oaloulorum,</span> <span class='ocrx_word' id='word_1_37' title='bbox 972 1077 989 1122; x_wconf 93' lang='lat' dir='ltr'>e</span> <span class='ocrx_word' id='word_1_38' title='bbox 1019 1055 1134 1141; x_wconf 78' lang='lat' dir='ltr'>quibus</span> <span class='ocrx_word' id='word_1_39' title='bbox 1154 1054 1333 1120; x_wconf 80' lang='lat' dir='ltr'>futuromm</span> <span class='ocrx_word' id='word_1_40' title='bbox 1353 1055 1511 1122; x_wconf 82' lang='lat' dir='ltr'>malorum</span> 
     </span>
     <span class='ocr_line' id='line_1_7' title="bbox 385 1157 1511 1243; baseline 0.004 -20"><span class='ocrx_word' id='word_1_41' title='bbox 385 1157 576 1224; x_wconf 84' lang='lat' dir='ltr'>bonorumve</span> <span class='ocrx_word' id='word_1_42' title='bbox 606 1159 774 1243; x_wconf 81' lang='lat' dir='ltr'>praesagia</span> <span class='ocrx_word' id='word_1_43' title='bbox 810 1164 1023 1238; x_wconf 77' lang='lat' dir='ltr'>sumerentur,</span> <span class='ocrx_word' id='word_1_44' title='bbox 1063 1160 1098 1224; x_wconf 91' lang='lat' dir='ltr'>in</span> <span class='ocrx_word' id='word_1_45' title='bbox 1131 1164 1274 1225; x_wconf 84' lang='lat' dir='ltr'>veterum</span> <span class='ocrx_word' id='word_1_46' title='bbox 1307 1181 1342 1227; x_wconf 90' lang='lat' dir='ltr'>re</span> <span class='ocrx_word' id='word_1_47' title='bbox 1372 1161 1511 1227; x_wconf 78' lang='lat' dir='ltr'>vaticina</span> 
     </span>
     <span class='ocr_line' id='line_1_8' title="bbox 386 1262 1512 1348; baseline 0 -20"><span class='ocrx_word' id='word_1_48' title='bbox 386 1262 578 1329; x_wconf 78' lang='lat' dir='ltr'>mentionem</span> <span class='ocrx_word' id='word_1_49' title='bbox 605 1262 684 1329; x_wconf 88' lang='lat' dir='ltr'>fieri.</span> <span class='ocrx_word' id='word_1_50' title='bbox 735 1263 783 1328; x_wconf 85' lang='lat' dir='ltr'>De</span> <span class='ocrx_word' id='word_1_51' title='bbox 811 1283 873 1347; x_wconf 91' lang='lat' dir='ltr'>quo</span> <span class='ocrx_word' id='word_1_52' title='bbox 904 1262 1068 1328; x_wconf 83' lang='lat' dir='ltr'>divinandi</span> <span class='ocrx_word' id='word_1_53' title='bbox 1098 1285 1213 1348; x_wconf 86' lang='lat' dir='ltr'>genere</span> <span class='ocrx_word' id='word_1_54' title='bbox 1241 1269 1370 1346; x_wconf 81' lang='lat' dir='ltr'>praeter</span> <span class='ocrx_word' id='word_1_55' title='bbox 1400 1263 1512 1330; x_wconf 87' lang='lat' dir='ltr'>Iambl.</span> 
     </span>
     <span class='ocr_line' id='line_1_9' title="bbox 385 1352 1512 1453; baseline 0.002 -25"><span class='ocrx_word' id='word_1_56' title='bbox 385 1363 424 1431; x_wconf 90' lang='lat' dir='ltr'>de</span> <span class='ocrx_word' id='word_1_57' title='bbox 446 1370 536 1450; x_wconf 77' lang='lat' dir='ltr'>myst.</span> <span class='ocrx_word' id='word_1_58' title='bbox 560 1364 622 1444; x_wconf 85' lang='lat'>111,</span> <span class='ocrx_word' id='word_1_59' title='bbox 648 1371 703 1431; x_wconf 81' lang='lat'>17:</span> <span class='ocrx_word' id='word_1_60' title='bbox 734 1361 763 1430; x_wconf 85' lang='grc' dir='ltr'>εί</span> <span class='ocrx_word' id='word_1_61' title='bbox 785 1362 823 1430; x_wconf 78' lang='grc' dir='ltr'>δὲ</span> <span class='ocrx_word' id='word_1_62' title='bbox 853 1355 929 1450; x_wconf 83' lang='grc' dir='ltr'><strong><em>ίίχρι</em></strong></span> <span class='ocrx_word' id='word_1_63' title='bbox 955 1364 1019 1428; x_wconf 84' lang='grc' dir='ltr'>τῶν</span> <span class='ocrx_word' id='word_1_64' title='bbox 1048 1354 1187 1452; x_wconf 77' lang='grc' dir='ltr'><em>ἀψύχων</em></span> <span class='ocrx_word' id='word_1_65' title='bbox 1209 1352 1266 1429; x_wconf 85' lang='grc' dir='ltr'>οἷα</span> <span class='ocrx_word' id='word_1_66' title='bbox 1295 1357 1512 1453; x_wconf 74' lang='grc' dir='ltr'>ψηφιοίωνῆ</span> 
     </span>
     <span class='ocr_line' id='line_1_10' title="bbox 385 1454 1513 1556; baseline -0.001 -25"><span class='ocrx_word' id='word_1_67' title='bbox 385 1463 493 1532; x_wconf 71' lang='grc' dir='ltr'><em>λίθων</em></span> <span class='ocrx_word' id='word_1_68' title='bbox 516 1459 538 1554; x_wconf 82' lang='grc' dir='ltr'>ἢ</span> <span class='ocrx_word' id='word_1_69' title='bbox 559 1465 692 1556; x_wconf 75' lang='grc' dir='ltr'><em>ῥάβδων</em></span> <span class='ocrx_word' id='word_1_70' title='bbox 714 1458 735 1554; x_wconf 81' lang='grc' dir='ltr'>ἢ</span> <span class='ocrx_word' id='word_1_71' title='bbox 757 1461 862 1544; x_wconf 80' lang='grc' dir='ltr'><em>ξύλων</em></span> <span class='ocrx_word' id='word_1_72' title='bbox 884 1465 981 1528; x_wconf 81' lang='grc' dir='ltr'>τινῶν</span> <span class='ocrx_word' id='word_1_73' title='bbox 1004 1455 1024 1550; x_wconf 77' lang='grc' dir='ltr'>ἢ</span> <span class='ocrx_word' id='word_1_74' title='bbox 1046 1464 1159 1552; x_wconf 81' lang='grc' dir='ltr'><strong><em>πυρῶν</em></strong></span> <span class='ocrx_word' id='word_1_75' title='bbox 1182 1454 1204 1550; x_wconf 77' lang='grc' dir='ltr'><em>ἢ</em></span> <span class='ocrx_word' id='word_1_76' title='bbox 1231 1457 1383 1551; x_wconf 77' lang='grc' dir='ltr'><em>ἀλφίτων</em></span> <span class='ocrx_word' id='word_1_77' title='bbox 1404 1458 1513 1551; x_wconf 78' lang='grc' dir='ltr'><strong><em>διήκει</em></strong></span> 
     </span>
     <span class='ocr_line' id='line_1_11' title="bbox 383 1561 1512 1660; baseline 0.001 -25"><span class='ocrx_word' id='word_1_78' title='bbox 383 1570 422 1637; x_wconf 85' lang='grc' dir='ltr'>τὸ</span> <span class='ocrx_word' id='word_1_79' title='bbox 445 1575 541 1638; x_wconf 72' lang='grc' dir='ltr'><em>θεῖον</em></span> <span class='ocrx_word' id='word_1_80' title='bbox 567 1572 609 1660; x_wconf 78' lang='grc' dir='ltr'>τῇ</span> <span class='ocrx_word' id='word_1_81' title='bbox 639 1565 868 1660; x_wconf 79' lang='grc' dir='ltr'><strong><em>προδρλαίσει,</em></strong></span> <span class='ocrx_word' id='word_1_82' title='bbox 901 1561 983 1634; x_wconf 78' lang='grc' dir='ltr'><strong><em>αὐτὸ</em></strong></span> <span class='ocrx_word' id='word_1_83' title='bbox 1012 1569 1111 1633; x_wconf 79' lang='grc' dir='ltr'><strong><em>τοῦτο</em></strong></span> <span class='ocrx_word' id='word_1_84' title='bbox 1141 1566 1197 1634; x_wconf 83' lang='grc' dir='ltr'>καί</span> <span class='ocrx_word' id='word_1_85' title='bbox 1227 1565 1512 1652; x_wconf 75' lang='grc' dir='ltr'><strong><em>θαυμασιώτατόν</em></strong></span> 
     </span>
     <span class='ocr_line' id='line_1_12' title="bbox 384 1669 1512 1764; baseline 0 -21"><span class='ocrx_word' id='word_1_86' title='bbox 384 1676 455 1744; x_wconf 80' lang='grc' dir='ltr'><strong><em>ἑστι</em></strong></span> <span class='ocrx_word' id='word_1_87' title='bbox 491 1679 549 1764; x_wconf 81' lang='grc' dir='ltr'>τῆς</span> <span class='ocrx_word' id='word_1_88' title='bbox 579 1671 680 1753; x_wconf 74' lang='grc' dir='ltr'><strong><em>θείας</em></strong></span> <span class='ocrx_word' id='word_1_89' title='bbox 717 1675 877 1762; x_wconf 81' lang='grc' dir='ltr'><em>μαντικῆς</em></span> <span class='ocrx_word' id='word_1_90' title='bbox 911 1669 1149 1762; x_wconf 80' lang='grc' dir='ltr'><strong><em>προσημασίας</em></strong></span> <span class='ocrx_word' id='word_1_91' title='bbox 1177 1678 1212 1741; x_wconf 82' lang='lat' dir='ltr'>et</span> <span class='ocrx_word' id='word_1_92' title='bbox 1246 1673 1372 1740; x_wconf 86' lang='lat' dir='ltr'>Annam</span> <span class='ocrx_word' id='word_1_93' title='bbox 1403 1673 1512 1743; x_wconf 74' lang='lat' dir='ltr'>Comn.</span> 
     </span>
     <span class='ocr_line' id='line_1_13' title="bbox 384 1774 1511 1870; baseline -0.004 -19"><span class='ocrx_word' id='word_1_94' title='bbox 384 1784 444 1865; x_wconf 84' lang='lat' dir='ltr'>vl,</span> <span class='ocrx_word' id='word_1_95' title='bbox 467 1792 532 1867; x_wconf 85' lang='lat' dir='ltr'>7p.</span> <span class='ocrx_word' id='word_1_96' title='bbox 556 1789 632 1863; x_wconf 78' lang='lat'>292,</span> <span class='ocrx_word' id='word_1_97' title='bbox 656 1790 675 1850; x_wconf 83' lang='lat'><strong>4</strong></span> <span class='ocrx_word' id='word_1_98' title='bbox 697 1787 765 1866; x_wconf 82' lang='lat' dir='ltr'><strong>sq&#39;q.</strong></span> <span class='ocrx_word' id='word_1_99' title='bbox 793 1781 849 1846; x_wconf 87' lang='grc' dir='ltr'>καὶ</span> <span class='ocrx_word' id='word_1_100' title='bbox 872 1774 891 1849; x_wconf 83' lang='grc' dir='ltr'><strong>ὁ</strong></span> <span class='ocrx_word' id='word_1_101' title='bbox 913 1775 1106 1868; x_wconf 77' lang='grc' dir='ltr'><strong><em>Αἰγύπτιος</em></strong></span> <span class='ocrx_word' id='word_1_102' title='bbox 1127 1779 1251 1860; x_wconf 79' lang='grc' dir='ltr'>ἐκεῖνος</span> <span class='ocrx_word' id='word_1_103' title='bbox 1274 1775 1511 1870; x_wconf 78' lang='grc' dir='ltr'>Ἀλεξανδρεὺς</span> 
     </span>
     <span class='ocr_line' id='line_1_14' title="bbox 386 1875 1510 1977; baseline -0.004 -22"><span class='ocrx_word' id='word_1_104' title='bbox 386 1887 492 1968; x_wconf 78' lang='grc' dir='ltr'><strong><em>πολὺς</em></strong></span> <span class='ocrx_word' id='word_1_105' title='bbox 513 1879 553 1977; x_wconf 80' lang='grc' dir='ltr'>ἢν</span> <span class='ocrx_word' id='word_1_106' title='bbox 566 1887 609 1954; x_wconf 83' lang='grc' dir='ltr'>τὰ</span> <span class='ocrx_word' id='word_1_107' title='bbox 628 1889 684 1976; x_wconf 82' lang='grc' dir='ltr'>τῆς</span> <span class='ocrx_word' id='word_1_108' title='bbox 707 1880 929 1976; x_wconf 73' lang='grc' dir='ltr'><strong><em>ἀστρολογίας</em></strong></span> <span class='ocrx_word' id='word_1_109' title='bbox 951 1881 1129 1976; x_wconf 74' lang='grc' dir='ltr'>ἐμφαίνων</span> <span class='ocrx_word' id='word_1_110' title='bbox 1144 1877 1257 1975; x_wconf 78' lang='grc' dir='ltr'><strong><em>ίίργια·</em></strong></span> <span class='ocrx_word' id='word_1_111' title='bbox 1278 1875 1316 1964; x_wconf 76' lang='grc' dir='ltr'>ὃς</span> <span class='ocrx_word' id='word_1_112' title='bbox 1337 1885 1394 1953; x_wconf 82' lang='grc' dir='ltr'>καί</span> <span class='ocrx_word' id='word_1_113' title='bbox 1416 1884 1510 1973; x_wconf 81' lang='grc' dir='ltr'><strong><em>παρὰ</em></strong></span> 
     </span>
     <span class='ocr_line' id='line_1_15' title="bbox 385 1983 1512 2083; baseline -0.001 -26"><span class='ocrx_word' id='word_1_114' title='bbox 385 1991 517 2058; x_wconf 79' lang='grc' dir='ltr'><em>πολλῶν</em></span> <span class='ocrx_word' id='word_1_115' title='bbox 543 1989 756 2077; x_wconf 78' lang='grc' dir='ltr'>ἐρωτώμενος</span> <span class='ocrx_word' id='word_1_116' title='bbox 779 1983 1003 2078; x_wconf 76' lang='grc' dir='ltr'><strong><em>ἀκριβέστατα</em></strong></span> <span class='ocrx_word' id='word_1_117' title='bbox 1033 1986 1315 2083; x_wconf 80' lang='grc' dir='ltr'><strong><em>προεμαντιύετο·</em></strong></span> <span class='ocrx_word' id='word_1_118' title='bbox 1347 1987 1382 2057; x_wconf 76' lang='grc' dir='ltr'>ἐν</span> <span class='ocrx_word' id='word_1_119' title='bbox 1409 1985 1512 2068; x_wconf 73' lang='grc' dir='ltr'><strong><em>ἐνίοις</em></strong></span> 
     </span>
     <span class='ocr_line' id='line_1_16' title="bbox 384 2087 1511 2182; baseline -0.002 -20"><span class='ocrx_word' id='word_1_120' title='bbox 384 2095 421 2162; x_wconf 73' lang='grc' dir='ltr'>δὲ</span> <span class='ocrx_word' id='word_1_121' title='bbox 444 2089 522 2162; x_wconf 78' lang='grc' dir='ltr'>οὐδὲ</span> <span class='ocrx_word' id='word_1_122' title='bbox 544 2087 755 2181; x_wconf 79' lang='grc' dir='ltr'><strong><em>ἄστρολοίβου</em></strong></span> <span class='ocrx_word' id='word_1_123' title='bbox 778 2089 950 2176; x_wconf 80' lang='grc' dir='ltr'><strong><em>δεόμενος,</em></strong></span> <span class='ocrx_word' id='word_1_124' title='bbox 986 2088 1072 2159; x_wconf 78' lang='grc' dir='ltr'><em>ἀλλὰ</em></span> <span class='ocrx_word' id='word_1_125' title='bbox 1093 2091 1151 2159; x_wconf 82' lang='grc' dir='ltr'>διά</span> <span class='ocrx_word' id='word_1_126' title='bbox 1178 2118 1268 2172; x_wconf 90' lang='grc' dir='ltr'><strong><em>τινος</em></strong></span> <span class='ocrx_word' id='word_1_127' title='bbox 1300 2108 1511 2182; x_wconf 79' lang='grc' dir='ltr'>ψηφηφο-</span> 
     </span>
    </p>
   </div>
   <div class='ocr_carea' id='block_1_4' title="bbox 251 2193 1510 2385">
    <p class='ocr_par' dir='ltr' id='par_1_4' title="bbox 251 2193 1510 2385">
     <span class='ocr_line' id='line_1_17' title="bbox 255 2193 1510 2289; baseline 0 -22"><span class='ocrx_word' id='word_1_128' title='bbox 255 2251 257 2255; x_wconf 86' lang='grc'><strong>-</strong></span> <span class='ocrx_word' id='word_1_129' title='bbox 384 2197 484 2289; x_wconf 90' lang='grc' dir='ltr'><strong><em>ρίας</em></strong></span> <span class='ocrx_word' id='word_1_130' title='bbox 518 2196 583 2277; x_wconf 75' lang='grc' dir='ltr'><strong><em>τὰς,</em></strong></span> <span class='ocrx_word' id='word_1_131' title='bbox 619 2193 823 2288; x_wconf 76' lang='grc' dir='ltr'><strong><em>προρρήσεις</em></strong></span> <span class='ocrx_word' id='word_1_132' title='bbox 857 2196 1057 2285; x_wconf 78' lang='grc' dir='ltr'><strong><em>ἐπεποίητο,</em></strong></span> <span class='ocrx_word' id='word_1_133' title='bbox 1092 2199 1239 2282; x_wconf 84' lang='lat' dir='ltr'>inprimis</span> <span class='ocrx_word' id='word_1_134' title='bbox 1269 2200 1425 2275; x_wconf 80' lang='lat' dir='ltr'>videndus</span> <span class='ocrx_word' id='word_1_135' title='bbox 1460 2205 1510 2267; x_wconf 77' lang='lat' dir='ltr'>est</span> 
     </span>
     <span class='ocr_line' id='line_1_18' title="bbox 251 2299 943 2385; baseline -0.009 -15"><span class='ocrx_word' id='word_1_136' title='bbox 251 2325 253 2332; x_wconf 91' lang='lat'>·</span> <span class='ocrx_word' id='word_1_137' title='bbox 383 2301 510 2369; x_wconf 84' lang='lat' dir='ltr'>Lobeok</span> <span class='ocrx_word' id='word_1_138' title='bbox 531 2300 566 2366; x_wconf 90' lang='lat' dir='ltr'>in</span> <span class='ocrx_word' id='word_1_139' title='bbox 584 2299 738 2385; x_wconf 82' lang='lat' dir='ltr'>Aglaoph.</span> <span class='ocrx_word' id='word_1_140' title='bbox 758 2320 788 2382; x_wconf 89' lang='lat' dir='ltr'>p.</span> <span class='ocrx_word' id='word_1_141' title='bbox 812 2301 874 2366; x_wconf 85' lang='grc'>814</span> <span class='ocrx_word' id='word_1_142' title='bbox 896 2320 943 2382; x_wconf 85' lang='lat' dir='ltr'>sq.</span> 
     </span>
    </p>
   </div>
   <div class='ocr_carea' id='block_1_5' title="bbox 602 2465 1286 2601">
    <p class='ocr_par' dir='ltr' id='par_1_5' title="bbox 602 2465 1286 2601">
     <span class='ocr_line' id='line_1_19' title="bbox 602 2465 1286 2601; baseline 0 -21"><span class='ocrx_word' id='word_1_143' title='bbox 602 2465 714 2582; x_wconf 73' lang='lat' dir='ltr'>&#39;Aiioi</span> <span class='ocrx_word' id='word_1_144' title='bbox 729 2516 831 2582; x_wconf 78' lang='grc' dir='ltr'><strong><em>ταῦτα</em></strong></span> <span class='ocrx_word' id='word_1_145' title='bbox 853 2514 915 2598; x_wconf 80' lang='grc' dir='ltr'>μὲν</span> <span class='ocrx_word' id='word_1_146' title='bbox 935 2501 1002 2581; x_wconf 81' lang='grc' dir='ltr'>ὧδέ</span> <span class='ocrx_word' id='word_1_147' title='bbox 1024 2539 1071 2600; x_wconf 84' lang='grc' dir='ltr'>πη</span> <span class='ocrx_word' id='word_1_148' title='bbox 1092 2513 1286 2601; x_wconf 74' lang='grc' dir='ltr'>γεγράφθω.</span> 
     </span>
    </p>
   </div>
   <div class='ocr_carea' id='block_1_6' title="bbox 381 2643 1339 2778">
    <p class='ocr_par' dir='ltr' id='par_1_6' title="bbox 381 2643 1339 2778">
     <span class='ocr_line' id='line_1_20' title="bbox 381 2643 1339 2778; baseline -0.001 -17"><span class='ocrx_word' id='word_1_149' title='bbox 381 2643 503 2778; x_wconf 57' lang='lat' dir='ltr'>Scripsi</span> <span class='ocrx_word' id='word_1_150' title='bbox 525 2693 659 2758; x_wconf 88' lang='lat' dir='ltr'>Misuiae</span> <span class='ocrx_word' id='word_1_151' title='bbox 681 2691 840 2758; x_wconf 83' lang='lat' dir='ltr'>Saxonum</span> <span class='ocrx_word' id='word_1_152' title='bbox 862 2691 926 2756; x_wconf 88' lang='lat' dir='ltr'>VH</span> <span class='ocrx_word' id='word_1_153' title='bbox 948 2691 1012 2758; x_wconf 85' lang='lat' dir='ltr'>Cal.</span> <span class='ocrx_word' id='word_1_154' title='bbox 1035 2690 1121 2776; x_wconf 78' lang='lat' dir='ltr'>Sept.</span> <span class='ocrx_word' id='word_1_155' title='bbox 1142 2712 1339 2760; x_wconf 80' lang='lat' dir='ltr'>uocoeuxrv.</span> 
     </span>
    </p>
   </div>
   <div class='ocr_carea' id='block_1_7' title="bbox 0 0 1772 5392">
    <p class='ocr_par' dir='ltr' id='par_1_7' title="bbox 0 0 1772 5392">
     <span class='ocr_line' id='line_1_21' title="bbox 0 0 1772 5392; baseline 0 0"><span class='ocrx_word' id='word_1_156' title='bbox 0 0 1772 5392; x_wconf 95' lang='lat' dir='ltr'> </span> 
     </span>
    </p>
   </div>
  </div>
 </body>
</html>
