<?xml version="1.0" encoding="UTF-8"?>
<!DOCTYPE html PUBLIC "-//W3C//DTD XHTML 1.0 Transitional//EN"
    "http://www.w3.org/TR/xhtml1/DTD/xhtml1-transitional.dtd">
<html xmlns="http://www.w3.org/1999/xhtml" xml:lang="en" lang="en">
 <head>
  <title>
</title>
<meta http-equiv="Content-Type" content="text/html;charset=utf-8" />
  <meta name='ocr-system' content='tesseract 3.04.00' />
  <meta name='ocr-capabilities' content='ocr_page ocr_carea ocr_par ocr_line ocrx_word'/>
</head>
<body>
  <div class='ocr_page' id='page_1' title='image "./vindiciarumplut01doehgoog_0076.png"; bbox 0 0 3534 5392; ppageno 0'>
   <div class='ocr_carea' id='block_1_1' title="bbox 803 441 1045 512">
    <p class='ocr_par' dir='ltr' id='par_1_1' title="bbox 803 441 1045 512">
     <span class='ocr_line' id='line_1_1' title="bbox 803 441 1045 512; baseline 0.021 -6"><span class='ocrx_word' id='word_1_1' title='bbox 803 441 1045 512; x_wconf 77' lang='lat'>.-68-·</span> 
     </span>
    </p>
   </div>
   <div class='ocr_carea' id='block_1_2' title="bbox 675 610 1192 1004">
    <p class='ocr_par' dir='ltr' id='par_1_2' title="bbox 677 610 981 702">
     <span class='ocr_line' id='line_1_2' title="bbox 677 610 981 702; baseline 0 -24"><span class='ocrx_word' id='word_1_2' title='bbox 677 610 712 680; x_wconf 79' lang='grc' dir='ltr'><strong>ἑν</strong></span> <span class='ocrx_word' id='word_1_3' title='bbox 734 615 776 702; x_wconf 77' lang='grc' dir='ltr'><strong>γᾷ</strong></span> <span class='ocrx_word' id='word_1_4' title='bbox 795 613 884 702; x_wconf 79' lang='grc' dir='ltr'><strong><em>τᾷδε,</em></strong></span> <span class='ocrx_word' id='word_1_5' title='bbox 909 615 981 702; x_wconf 84' lang='grc' dir='ltr'><strong><em>φεῦ,</em></strong></span> 
     </span>
    </p>

    <p class='ocr_par' dir='ltr' id='par_1_3' title="bbox 675 713 977 783">
     <span class='ocr_line' id='line_1_3' title="bbox 675 713 977 783; baseline 0 -1"><span class='ocrx_word' id='word_1_6' title='bbox 675 713 725 783; x_wconf 86' lang='grc' dir='ltr'><strong>ίδν</strong></span> <span class='ocrx_word' id='word_1_7' title='bbox 750 713 800 782; x_wconf 70' lang='lat' dir='ltr'><strong>tto</strong></span> <span class='ocrx_word' id='word_1_8' title='bbox 823 713 977 783; x_wconf 78' lang='grc' dir='ltr'><strong><em>ἀντιπεν-</em></strong></span> 
     </span>
    </p>

    <p class='ocr_par' dir='ltr' id='par_1_4' title="bbox 676 811 1192 1004">
     <span class='ocr_line' id='line_1_4' title="bbox 676 811 1055 905; baseline -0.005 -22"><span class='ocrx_word' id='word_1_9' title='bbox 676 819 725 903; x_wconf 74' lang='grc' dir='ltr'><strong>δῆ</strong></span> <span class='ocrx_word' id='word_1_10' title='bbox 745 819 891 900; x_wconf 73' lang='grc' dir='ltr'><strong><em>μεθεῖσα</em></strong></span> <span class='ocrx_word' id='word_1_11' title='bbox 914 811 1055 905; x_wconf 76' lang='grc' dir='ltr'><strong><em>καρδίας</em></strong></span> 
     </span>
     <span class='ocr_line' id='line_1_5' title="bbox 678 907 1192 1004; baseline -0.006 -21"><span class='ocrx_word' id='word_1_12' title='bbox 678 917 867 1004; x_wconf 77' lang='grc' dir='ltr'><strong><em>σταλαγμὸν</em></strong></span> <span class='ocrx_word' id='word_1_13' title='bbox 892 913 1031 999; x_wconf 70' lang='grc' dir='ltr'><strong><em>χθόνιον</em></strong></span> <span class='ocrx_word' id='word_1_14' title='bbox 1052 907 1192 1004; x_wconf 83' lang='grc' dir='ltr'><strong><em>δίφορον,</em></strong></span> 
     </span>
    </p>
   </div>
   <div class='ocr_carea' id='block_1_3' title="bbox 378 1051 1507 2367">
    <p class='ocr_par' dir='ltr' id='par_1_5' title="bbox 378 1051 1507 2367">
     <span class='ocr_line' id='line_1_6' title="bbox 382 1051 1506 1142; baseline -0.005 -20"><span class='ocrx_word' id='word_1_15' title='bbox 382 1079 422 1124; x_wconf 92' lang='lat' dir='ltr'><strong>ne</strong></span> <span class='ocrx_word' id='word_1_16' title='bbox 443 1062 586 1140; x_wconf 80' lang='lat' dir='ltr'>repetam</span> <span class='ocrx_word' id='word_1_17' title='bbox 606 1079 687 1142; x_wconf 89' lang='lat' dir='ltr'><strong>quae</strong></span> <span class='ocrx_word' id='word_1_18' title='bbox 708 1056 884 1122; x_wconf 88' lang='lat' dir='ltr'><strong>Lobeckius</strong></span> <span class='ocrx_word' id='word_1_19' title='bbox 906 1056 927 1124; x_wconf 91' lang='lat' dir='ltr'><strong>l.</strong></span> <span class='ocrx_word' id='word_1_20' title='bbox 949 1057 970 1123; x_wconf 91' lang='lat' dir='ltr'><strong>l.</strong></span> <span class='ocrx_word' id='word_1_21' title='bbox 1001 1079 1018 1121; x_wconf 95' lang='lat' dir='ltr'><strong>e</strong></span> <span class='ocrx_word' id='word_1_22' title='bbox 1047 1054 1145 1120; x_wconf 89' lang='lat' dir='ltr'><strong>Suida</strong></span> <span class='ocrx_word' id='word_1_23' title='bbox 1173 1077 1197 1122; x_wconf 89' lang='lat' dir='ltr'><strong>s.</strong></span> <span class='ocrx_word' id='word_1_24' title='bbox 1226 1053 1343 1141; x_wconf 76' lang='grc' dir='ltr'><strong><em>Θὲλνει</em></strong></span> <span class='ocrx_word' id='word_1_25' title='bbox 1373 1051 1506 1134; x_wconf 79' lang='lat' dir='ltr'><strong>aliisque</strong></span> 
     </span>
     <span class='ocr_line' id='line_1_7' title="bbox 382 1155 1505 1245; baseline -0.004 -21"><span class='ocrx_word' id='word_1_26' title='bbox 382 1161 588 1243; x_wconf 86' lang='lat' dir='ltr'><strong>scriptoribus</strong></span> <span class='ocrx_word' id='word_1_27' title='bbox 600 1159 733 1245; x_wconf 90' lang='lat' dir='ltr'><strong>protulit</strong></span> <span class='ocrx_word' id='word_1_28' title='bbox 748 1159 787 1224; x_wconf 90' lang='lat' dir='ltr'><strong>de</strong></span> <span class='ocrx_word' id='word_1_29' title='bbox 803 1159 863 1224; x_wconf 93' lang='lat' dir='ltr'><strong>hoc</strong></span> <span class='ocrx_word' id='word_1_30' title='bbox 879 1159 1111 1242; x_wconf 83' lang='lat' dir='ltr'><strong>superstitionis</strong></span> <span class='ocrx_word' id='word_1_31' title='bbox 1128 1179 1251 1243; x_wconf 85' lang='lat' dir='ltr'>genere,</span> <span class='ocrx_word' id='word_1_32' title='bbox 1266 1179 1306 1222; x_wconf 87' lang='lat' dir='ltr'><strong>ex</strong></span> <span class='ocrx_word' id='word_1_33' title='bbox 1319 1155 1439 1220; x_wconf 85' lang='lat' dir='ltr'><strong>ultimis</strong></span> <span class='ocrx_word' id='word_1_34' title='bbox 1450 1176 1505 1219; x_wconf 90' lang='lat' dir='ltr'><strong>an·</strong></span> 
     </span>
     <span class='ocr_line' id='line_1_8' title="bbox 381 1264 1505 1350; baseline -0.005 -20"><span class='ocrx_word' id='word_1_35' title='bbox 381 1266 542 1350; x_wconf 90' lang='lat' dir='ltr'><strong>tiquitatis</strong></span> <span class='ocrx_word' id='word_1_36' title='bbox 560 1267 700 1333; x_wconf 88' lang='lat' dir='ltr'><strong>tenebris</strong></span> <span class='ocrx_word' id='word_1_37' title='bbox 721 1264 762 1332; x_wconf 87' lang='lat' dir='ltr'><strong>ad</strong></span> <span class='ocrx_word' id='word_1_38' title='bbox 790 1270 930 1330; x_wconf 85' lang='lat' dir='ltr'><strong>nostram</strong></span> <span class='ocrx_word' id='word_1_39' title='bbox 959 1285 1058 1348; x_wconf 92' lang='lat' dir='ltr'><strong>usque</strong></span> <span class='ocrx_word' id='word_1_40' title='bbox 1085 1269 1222 1329; x_wconf 89' lang='lat' dir='ltr'><strong>aetatem</strong></span> <span class='ocrx_word' id='word_1_41' title='bbox 1243 1266 1430 1346; x_wconf 88' lang='lat' dir='ltr'><strong>propagato,</strong></span> <span class='ocrx_word' id='word_1_42' title='bbox 1444 1280 1505 1342; x_wconf 94' lang='lat' dir='ltr'><strong>quo</strong></span> 
     </span>
     <span class='ocr_line' id='line_1_9' title="bbox 381 1362 1507 1453; baseline -0.004 -23"><span class='ocrx_word' id='word_1_43' title='bbox 381 1365 504 1433; x_wconf 87' lang='lat' dir='ltr'><strong>alienae</strong></span> <span class='ocrx_word' id='word_1_44' title='bbox 519 1389 667 1453; x_wconf 86' lang='lat' dir='ltr'><strong>agrorum</strong></span> <span class='ocrx_word' id='word_1_45' title='bbox 681 1365 828 1432; x_wconf 85' lang='lat' dir='ltr'><strong>felicitati</strong></span> <span class='ocrx_word' id='word_1_46' title='bbox 841 1365 973 1431; x_wconf 86' lang='lat' dir='ltr'><strong>insidias</strong></span> <span class='ocrx_word' id='word_1_47' title='bbox 994 1366 1073 1430; x_wconf 89' lang='lat' dir='ltr'><strong>strui</strong></span> <span class='ocrx_word' id='word_1_48' title='bbox 1085 1370 1224 1448; x_wconf 85' lang='lat' dir='ltr'><strong>posse&#39;et</strong></span> <span class='ocrx_word' id='word_1_49' title='bbox 1239 1364 1315 1430; x_wconf 92' lang='lat' dir='ltr'><strong>olim</strong></span> <span class='ocrx_word' id='word_1_50' title='bbox 1333 1362 1507 1428; x_wconf 90' lang='lat' dir='ltr'><strong>credebant</strong></span> 
     </span>
     <span class='ocr_line' id='line_1_10' title="bbox 382 1465 1506 1553; baseline -0.005 -17"><span class='ocrx_word' id='word_1_51' title='bbox 382 1477 416 1536; x_wconf 90' lang='lat' dir='ltr'><strong>et</strong></span> <span class='ocrx_word' id='word_1_52' title='bbox 436 1470 531 1538; x_wconf 85' lang='lat' dir='ltr'><strong>hodie</strong></span> <span class='ocrx_word' id='word_1_53' title='bbox 558 1470 691 1538; x_wconf 88' lang='lat' dir='ltr'><strong>credunt</strong></span> <span class='ocrx_word' id='word_1_54' title='bbox 708 1471 866 1549; x_wconf 82' lang='lat' dir='ltr'><strong>aniculae,</strong></span> <span class='ocrx_word' id='word_1_55' title='bbox 888 1491 951 1553; x_wconf 88' lang='lat' dir='ltr'><strong>qua</strong></span> <span class='ocrx_word' id='word_1_56' title='bbox 973 1468 1012 1535; x_wconf 93' lang='lat' dir='ltr'><strong>de</strong></span> <span class='ocrx_word' id='word_1_57' title='bbox 1039 1491 1075 1535; x_wconf 91' lang='lat' dir='ltr'><strong>re</strong></span> <span class='ocrx_word' id='word_1_58' title='bbox 1103 1469 1249 1551; x_wconf 88' lang='lat' dir='ltr'><strong>inprimis</strong></span> <span class='ocrx_word' id='word_1_59' title='bbox 1275 1465 1429 1533; x_wconf 87' lang='lat' dir='ltr'><strong>videndus</strong></span> <span class='ocrx_word' id='word_1_60' title='bbox 1458 1469 1506 1530; x_wconf 88' lang='lat' dir='ltr'><strong>est</strong></span> 
     </span>
     <span class='ocr_line' id='line_1_11' title="bbox 382 1569 1504 1657; baseline 0 -22"><span class='ocrx_word' id='word_1_61' title='bbox 382 1569 405 1635; x_wconf 93' lang='lat' dir='ltr'><strong>l.</strong></span> <span class='ocrx_word' id='word_1_62' title='bbox 428 1571 551 1637; x_wconf 86' lang='lat' dir='ltr'><strong>Grimm</strong></span> <span class='ocrx_word' id='word_1_63' title='bbox 571 1572 669 1656; x_wconf 88' lang='lat' dir='ltr'><strong>myth.</strong></span> <span class='ocrx_word' id='word_1_64' title='bbox 694 1595 790 1657; x_wconf 89' lang='lat' dir='ltr'><strong>germ.</strong></span> <span class='ocrx_word' id='word_1_65' title='bbox 820 1593 850 1654; x_wconf 92' lang='lat' dir='ltr'><strong>p.</strong></span> <span class='ocrx_word' id='word_1_66' title='bbox 881 1577 962 1640; x_wconf 83' lang='lat'>1026</span> <span class='ocrx_word' id='word_1_67' title='bbox 985 1577 1018 1637; x_wconf 87' lang='lat' dir='ltr'><strong>et</strong></span> <span class='ocrx_word' id='word_1_68' title='bbox 1041 1578 1131 1639; x_wconf 86' lang='grc'><strong>1040.</strong></span> <span class='ocrx_word' id='word_1_69' title='bbox 1183 1570 1245 1637; x_wconf 86' lang='lat' dir='ltr'><strong>Sed</strong></span> <span class='ocrx_word' id='word_1_70' title='bbox 1271 1570 1348 1655; x_wconf 91' lang='lat' dir='ltr'><strong>quid</strong></span> <span class='ocrx_word' id='word_1_71' title='bbox 1374 1570 1504 1636; x_wconf 90' lang='lat' dir='ltr'><strong>tandem</strong></span> 
     </span>
     <span class='ocr_line' id='line_1_12' title="bbox 380 1663 1500 1760; baseline 0 -24"><span class='ocrx_word' id='word_1_72' title='bbox 380 1678 563 1754; x_wconf 87' lang='lat' dir='ltr'><strong>portentoso</strong></span> <span class='ocrx_word' id='word_1_73' title='bbox 586 1674 641 1738; x_wconf 91' lang='lat' dir='ltr'><strong>illo</strong></span> <span class='ocrx_word' id='word_1_74' title='bbox 662 1671 747 1760; x_wconf 71' lang='grc' dir='ltr'><strong><em>θείῳ</em></strong></span> <span class='ocrx_word' id='word_1_75' title='bbox 769 1663 949 1738; x_wconf 85' lang='lat' dir='ltr'><strong>faciendum</strong></span> <span class='ocrx_word' id='word_1_76' title='bbox 971 1677 1042 1737; x_wconf 81' lang='lat' dir='ltr'><strong>est?</strong></span> <span class='ocrx_word' id='word_1_77' title='bbox 1084 1672 1241 1756; x_wconf 85' lang='lat' dir='ltr'><strong>Equidem</strong></span> <span class='ocrx_word' id='word_1_78' title='bbox 1266 1673 1348 1737; x_wconf 88' lang='lat' dir='ltr'><strong>nihil</strong></span> <span class='ocrx_word' id='word_1_79' title='bbox 1376 1677 1500 1737; x_wconf 90' lang='lat' dir='ltr'><strong>mutan·</strong></span> 
     </span>
     <span class='ocr_line' id='line_1_13' title="bbox 381 1770 1501 1857; baseline -0.004 -19"><span class='ocrx_word' id='word_1_80' title='bbox 381 1773 456 1838; x_wconf 91' lang='lat' dir='ltr'><strong>dum</strong></span> <span class='ocrx_word' id='word_1_81' title='bbox 476 1774 581 1840; x_wconf 89' lang='lat' dir='ltr'><strong>iudico</strong></span> <span class='ocrx_word' id='word_1_82' title='bbox 610 1780 739 1857; x_wconf 88' lang='lat' dir='ltr'><strong>praeter</strong></span> <span class='ocrx_word' id='word_1_83' title='bbox 759 1795 855 1838; x_wconf 88' lang='lat' dir='ltr'><strong>unam</strong></span> <span class='ocrx_word' id='word_1_84' title='bbox 884 1773 1041 1853; x_wconf 71' lang='lat' dir='ltr'><strong>litteram,</strong></span> <span class='ocrx_word' id='word_1_85' title='bbox 1070 1773 1186 1838; x_wconf 91' lang='lat' dir='ltr'><strong>etenim</strong></span> <span class='ocrx_word' id='word_1_86' title='bbox 1214 1792 1272 1854; x_wconf 89' lang='lat' dir='ltr'><strong>pro</strong></span> <span class='ocrx_word' id='word_1_87' title='bbox 1299 1770 1431 1833; x_wconf 78' lang='grc' dir='ltr'>ΘΕΙΩΙ</span> <span class='ocrx_word' id='word_1_88' title='bbox 1447 1789 1501 1851; x_wconf 91' lang='lat' dir='ltr'><strong>po-</strong></span> 
     </span>
     <span class='ocr_line' id='line_1_14' title="bbox 379 1873 1501 1959; baseline -0.004 -20"><span class='ocrx_word' id='word_1_89' title='bbox 379 1873 519 1942; x_wconf 88' lang='lat' dir='ltr'><strong>nendum</strong></span> <span class='ocrx_word' id='word_1_90' title='bbox 532 1880 669 1947; x_wconf 72' lang='lat' dir='ltr'><strong>,autumo</strong></span> <span class='ocrx_word' id='word_1_91' title='bbox 698 1879 730 1936; x_wconf 88' lang='lat' dir='ltr'><em>N</em></span> <span class='ocrx_word' id='word_1_92' title='bbox 736 1875 854 1951; x_wconf 69' lang='grc' dir='ltr'>(ΞΠ-ΙΝ,</span> <span class='ocrx_word' id='word_1_93' title='bbox 879 1875 935 1959; x_wconf 92' lang='lat' dir='ltr'><strong>qui</strong></span> <span class='ocrx_word' id='word_1_94' title='bbox 954 1874 1117 1959; x_wconf 81' lang='lat' dir='ltr'><strong>genetivus</strong></span> <span class='ocrx_word' id='word_1_95' title='bbox 1138 1894 1307 1955; x_wconf 90' lang='lat' dir='ltr'><strong>suspensus</strong></span> <span class='ocrx_word' id='word_1_96' title='bbox 1329 1877 1411 1937; x_wconf 91' lang='lat' dir='ltr'><strong>esta</strong></span> <span class='ocrx_word' id='word_1_97' title='bbox 1429 1891 1501 1952; x_wconf 89' lang='lat' dir='ltr'><strong>par-</strong></span> 
     </span>
     <span class='ocr_line' id='line_1_15' title="bbox 378 1975 1504 2062; baseline -0.003 -21"><span class='ocrx_word' id='word_1_98' title='bbox 378 1977 489 2059; x_wconf 91' lang='lat' dir='ltr'><strong>ticipio</strong></span> <span class='ocrx_word' id='word_1_99' title='bbox 517 1983 676 2062; x_wconf 91' lang='lat' dir='ltr'><strong>utcunque</strong></span> <span class='ocrx_word' id='word_1_100' title='bbox 699 1977 856 2043; x_wconf 83' lang='lat' dir='ltr'><strong>scribitur.</strong></span> <span class='ocrx_word' id='word_1_101' title='bbox 905 1977 988 2041; x_wconf 91' lang='lat' dir='ltr'><strong>Hinc</strong></span> <span class='ocrx_word' id='word_1_102' title='bbox 1017 1979 1173 2042; x_wconf 90' lang='lat' dir='ltr'><strong>sententia</strong></span> <span class='ocrx_word' id='word_1_103' title='bbox 1195 1976 1341 2042; x_wconf 91' lang='lat' dir='ltr'><strong>omnibus</strong></span> <span class='ocrx_word' id='word_1_104' title='bbox 1360 1975 1504 2056; x_wconf 86' lang='lat' dir='ltr'><strong>partibus</strong></span> 
     </span>
     <span class='ocr_line' id='line_1_16' title="bbox 379 2077 1503 2165; baseline -0.005 -19"><span class='ocrx_word' id='word_1_105' title='bbox 379 2081 545 2163; x_wconf 90' lang='lat' dir='ltr'><strong>aptissima</strong></span> <span class='ocrx_word' id='word_1_106' title='bbox 573 2081 677 2147; x_wconf 89' lang='lat' dir='ltr'><strong>evadit</strong></span> <span class='ocrx_word' id='word_1_107' title='bbox 704 2080 796 2159; x_wconf 88' lang='lat' dir='ltr'><strong>haec,</strong></span> <span class='ocrx_word' id='word_1_108' title='bbox 828 2079 995 2145; x_wconf 86' lang='lat' dir='ltr'><strong>Telchinas</strong></span> <span class='ocrx_word' id='word_1_109' title='bbox 1027 2079 1154 2165; x_wconf 84' lang='lat' dir='ltr'><strong>Stygiae</strong></span> <span class='ocrx_word' id='word_1_110' title='bbox 1183 2101 1284 2163; x_wconf 89' lang='lat' dir='ltr'><strong>aquae</strong></span> <span class='ocrx_word' id='word_1_111' title='bbox 1313 2077 1503 2162; x_wconf 87' lang='lat' dir='ltr'><strong>adspergine</strong></span> 
     </span>
     <span class='ocr_line' id='line_1_17' title="bbox 379 2178 1503 2266; baseline -0.004 -20"><span class='ocrx_word' id='word_1_112' title='bbox 379 2186 562 2247; x_wconf 84' lang='lat' dir='ltr'><strong>excantasse</strong></span> <span class='ocrx_word' id='word_1_113' title='bbox 592 2181 719 2246; x_wconf 84' lang='lat' dir='ltr'><strong>novales</strong></span> <span class='ocrx_word' id='word_1_114' title='bbox 749 2178 992 2260; x_wconf 87' lang='lat' dir='ltr'><strong>Rhodiensium,</strong></span> <span class='ocrx_word' id='word_1_115' title='bbox 1022 2182 1154 2265; x_wconf 89' lang='lat' dir='ltr'><strong>quaesi</strong></span> <span class='ocrx_word' id='word_1_116' title='bbox 1184 2182 1254 2266; x_wconf 90' lang='lat' dir='ltr'><strong>quis</strong></span> <span class='ocrx_word' id='word_1_117' title='bbox 1284 2179 1503 2262; x_wconf 82' lang='lat' dir='ltr'><strong>conparaverit</strong></span> 
     </span>
     <span class='ocr_line' id='line_1_18' title="bbox 379 2283 1261 2367; baseline 0.005 -19"><span class='ocrx_word' id='word_1_118' title='bbox 379 2305 451 2348; x_wconf 91' lang='lat' dir='ltr'><strong>cum</strong></span> <span class='ocrx_word' id='word_1_119' title='bbox 468 2283 691 2348; x_wconf 89' lang='lat' dir='ltr'><strong>inlustrissimo</strong></span> <span class='ocrx_word' id='word_1_120' title='bbox 713 2283 845 2348; x_wconf 90' lang='lat' dir='ltr'><strong>Hesiodi</strong></span> <span class='ocrx_word' id='word_1_121' title='bbox 864 2284 1045 2348; x_wconf 88' lang='lat' dir='ltr'><strong>testimonio</strong></span> <span class='ocrx_word' id='word_1_122' title='bbox 1067 2285 1100 2349; x_wconf 92' lang='lat' dir='ltr'><strong>in</strong></span> <span class='ocrx_word' id='word_1_123' title='bbox 1119 2284 1176 2367; x_wconf 90' lang='lat' dir='ltr'><strong>Op.</strong></span> <span class='ocrx_word' id='word_1_124' title='bbox 1198 2291 1261 2352; x_wconf 87' lang='grc'><strong>464</strong></span> 
     </span>
    </p>
   </div>
   <div class='ocr_carea' id='block_1_4' title="bbox 602 2419 1274 2516">
    <p class='ocr_par' dir='ltr' id='par_1_6' title="bbox 602 2419 1274 2516">
     <span class='ocr_line' id='line_1_19' title="bbox 602 2419 1274 2516; baseline -0.001 -24"><span class='ocrx_word' id='word_1_125' title='bbox 602 2427 690 2504; x_wconf 84' lang='grc' dir='ltr'><strong><em>νειὸς</em></strong></span> <span class='ocrx_word' id='word_1_126' title='bbox 712 2419 870 2516; x_wconf 78' lang='grc' dir='ltr'><em>ἀλεξιάρη</em></span> <span class='ocrx_word' id='word_1_127' title='bbox 894 2425 1026 2492; x_wconf 77' lang='grc' dir='ltr'><strong><em>παίδων</em></strong></span> <span class='ocrx_word' id='word_1_128' title='bbox 1048 2421 1274 2514; x_wconf 75' lang='grc' dir='ltr'><strong><em>εὐκηλήτειρα,</em></strong></span> 
     </span>
    </p>
   </div>
   <div class='ocr_carea' id='block_1_5' title="bbox 368 2570 1504 4634">
    <p class='ocr_par' dir='ltr' id='par_1_7' title="bbox 368 2570 1504 4634">
     <span class='ocr_line' id='line_1_20' title="bbox 379 2570 1504 2655; baseline 0 -18"><span class='ocrx_word' id='word_1_129' title='bbox 379 2573 406 2637; x_wconf 85' lang='lat' dir='ltr'><strong>is</strong></span> <span class='ocrx_word' id='word_1_130' title='bbox 425 2593 553 2655; x_wconf 84' lang='lat' dir='ltr'><strong>prorsus</strong></span> <span class='ocrx_word' id='word_1_131' title='bbox 574 2572 665 2639; x_wconf 90' lang='lat' dir='ltr'><strong>nobis</strong></span> <span class='ocrx_word' id='word_1_132' title='bbox 687 2572 896 2649; x_wconf 80' lang='lat' dir='ltr'><strong>adsentietur,</strong></span> <span class='ocrx_word' id='word_1_133' title='bbox 923 2572 1004 2637; x_wconf 93' lang='lat' dir='ltr'><strong>nihil</strong></span> <span class='ocrx_word' id='word_1_134' title='bbox 1033 2571 1168 2653; x_wconf 88' lang='lat' dir='ltr'><strong>amplius</strong></span> <span class='ocrx_word' id='word_1_135' title='bbox 1197 2593 1265 2637; x_wconf 85' lang='lat' dir='ltr'><strong>esse</strong></span> <span class='ocrx_word' id='word_1_136' title='bbox 1285 2572 1321 2636; x_wconf 90' lang='lat' dir='ltr'><strong>in</strong></span> <span class='ocrx_word' id='word_1_137' title='bbox 1340 2570 1504 2637; x_wconf 86' lang='lat' dir='ltr'><strong>Strabonis</strong></span> 
     </span>
     <span class='ocr_line' id='line_1_21' title="bbox 375 2668 1501 2760; baseline -0.003 -21"><span class='ocrx_word' id='word_1_138' title='bbox 375 2673 444 2740; x_wconf 93' lang='lat' dir='ltr'><strong>loco</strong></span> <span class='ocrx_word' id='word_1_139' title='bbox 460 2673 544 2760; x_wconf 90' lang='lat' dir='ltr'><strong>quod</strong></span> <span class='ocrx_word' id='word_1_140' title='bbox 559 2673 750 2741; x_wconf 90' lang='lat' dir='ltr'><strong>dubitationi</strong></span> <span class='ocrx_word' id='word_1_141' title='bbox 770 2674 942 2741; x_wconf 84' lang='lat' dir='ltr'><strong>obnoxium</strong></span> <span class='ocrx_word' id='word_1_142' title='bbox 962 2674 1013 2741; x_wconf 90' lang='lat' dir='ltr'><strong>sit.</strong></span> <span class='ocrx_word' id='word_1_143' title='bbox 1041 2673 1111 2738; x_wconf 93' lang='lat' dir='ltr'><strong>Hoc</strong></span> <span class='ocrx_word' id='word_1_144' title='bbox 1132 2693 1231 2738; x_wconf 91' lang='lat' dir='ltr'><strong>unum</strong></span> <span class='ocrx_word' id='word_1_145' title='bbox 1251 2671 1368 2738; x_wconf 81' lang='lat' dir='ltr'><strong>addam</strong></span> <span class='ocrx_word' id='word_1_146' title='bbox 1388 2668 1501 2748; x_wconf 83' lang='grc' dir='ltr'><strong><em>νειίς</em></strong></span> 
     </span>
     <span class='ocr_line' id='line_1_22' title="bbox 376 2778 1500 2864; baseline -0.005 -20"><span class='ocrx_word' id='word_1_147' title='bbox 376 2779 624 2864; x_wconf 89' lang='lat' dir='ltr'><strong>intellegendum</strong></span> <span class='ocrx_word' id='word_1_148' title='bbox 650 2801 717 2844; x_wconf 91' lang='lat' dir='ltr'><strong>esse</strong></span> <span class='ocrx_word' id='word_1_149' title='bbox 747 2799 810 2842; x_wconf 92' lang='lat' dir='ltr'><strong>non</strong></span> <span class='ocrx_word' id='word_1_150' title='bbox 831 2784 898 2844; x_wconf 91' lang='lat' dir='ltr'><strong>tam</strong></span> <span class='ocrx_word' id='word_1_151' title='bbox 920 2779 960 2844; x_wconf 92' lang='lat' dir='ltr'><strong>de</strong></span> <span class='ocrx_word' id='word_1_152' title='bbox 980 2778 1065 2844; x_wconf 88' lang='lat' dir='ltr'><strong>arvis</strong></span> <span class='ocrx_word' id='word_1_153' title='bbox 1084 2799 1166 2862; x_wconf 90' lang='lat' dir='ltr'><strong>quae</strong></span> <span class='ocrx_word' id='word_1_154' title='bbox 1187 2783 1355 2841; x_wconf 76' lang='lat' dir='ltr'><strong>intermisso</strong></span> <span class='ocrx_word' id='word_1_155' title='bbox 1383 2779 1500 2840; x_wconf 72' lang='lat' dir='ltr'><strong>cutura</strong></span> 
     </span>
     <span class='ocr_line' id='line_1_23' title="bbox 375 2881 1502 2967; baseline -0.003 -19"><span class='ocrx_word' id='word_1_156' title='bbox 375 2883 504 2967; x_wconf 87' lang='lat' dir='ltr'><strong>aliquod</strong></span> <span class='ocrx_word' id='word_1_157' title='bbox 532 2905 591 2965; x_wconf 91' lang='lat' dir='ltr'><strong>per</strong></span> <span class='ocrx_word' id='word_1_158' title='bbox 610 2888 734 2964; x_wconf 87' lang='lat' dir='ltr'><strong>tempus</strong></span> <span class='ocrx_word' id='word_1_159' title='bbox 763 2883 956 2965; x_wconf 87' lang='lat' dir='ltr'><strong>quieverint,</strong></span> <span class='ocrx_word' id='word_1_160' title='bbox 985 2905 1081 2966; x_wconf 91' lang='lat' dir='ltr'><strong>quam</strong></span> <span class='ocrx_word' id='word_1_161' title='bbox 1102 2883 1142 2949; x_wconf 93' lang='lat' dir='ltr'><strong>de</strong></span> <span class='ocrx_word' id='word_1_162' title='bbox 1163 2888 1264 2960; x_wconf 88' lang='lat' dir='ltr'><strong>terra,</strong></span> <span class='ocrx_word' id='word_1_163' title='bbox 1290 2904 1376 2966; x_wconf 90' lang='lat' dir='ltr'><strong>quae</strong></span> <span class='ocrx_word' id='word_1_164' title='bbox 1403 2881 1502 2947; x_wconf 89' lang='lat' dir='ltr'><strong>veluti</strong></span> 
     </span>
     <span class='ocr_line' id='line_1_24' title="bbox 377 2983 1500 3066; baseline -0.003 -16"><span class='ocrx_word' id='word_1_165' title='bbox 377 3005 468 3050; x_wconf 89' lang='lat' dir='ltr'><strong>caesa</strong></span> <span class='ocrx_word' id='word_1_166' title='bbox 487 2988 593 3050; x_wconf 88' lang='lat' dir='ltr'><strong>vetere</strong></span> <span class='ocrx_word' id='word_1_167' title='bbox 620 2984 699 3048; x_wconf 85' lang='lat' dir='ltr'><strong>silva</strong></span> <span class='ocrx_word' id='word_1_168' title='bbox 719 3004 883 3066; x_wconf 89' lang='lat' dir='ltr'><strong>nunquam</strong></span> <span class='ocrx_word' id='word_1_169' title='bbox 912 2989 986 3048; x_wconf 90' lang='lat' dir='ltr'><strong>ante</strong></span> <span class='ocrx_word' id='word_1_170' title='bbox 1015 2990 1147 3066; x_wconf 82' lang='lat' dir='ltr'><strong>experta</strong></span> <span class='ocrx_word' id='word_1_171' title='bbox 1177 2984 1219 3049; x_wconf 86' lang='lat' dir='ltr'><strong>sit</strong></span> <span class='ocrx_word' id='word_1_172' title='bbox 1240 3005 1397 3050; x_wconf 85' lang='lat' dir='ltr'><strong>vomerem</strong></span> <span class='ocrx_word' id='word_1_173' title='bbox 1424 2983 1500 3066; x_wconf 87' lang='lat' dir='ltr'><strong>(cfr.</strong></span> 
     </span>
     <span class='ocr_line' id='line_1_25' title="bbox 376 3087 1501 3175; baseline 0.004 -23"><span class='ocrx_word' id='word_1_174' title='bbox 376 3087 455 3152; x_wconf 91' lang='lat' dir='ltr'><strong>Plin.</strong></span> <span class='ocrx_word' id='word_1_175' title='bbox 468 3088 499 3153; x_wconf 91' lang='lat' dir='ltr'><strong>h.</strong></span> <span class='ocrx_word' id='word_1_176' title='bbox 520 3110 550 3155; x_wconf 88' lang='lat'><strong>11.</strong></span> <span class='ocrx_word' id='word_1_177' title='bbox 569 3088 671 3168; x_wconf 89' lang='lat' dir='ltr'><strong>XVII,</strong></span> <span class='ocrx_word' id='word_1_178' title='bbox 686 3095 714 3167; x_wconf 81' lang='lat'><strong>5,</strong></span> <span class='ocrx_word' id='word_1_179' title='bbox 729 3093 769 3156; x_wconf 80' lang='lat'><strong>39</strong></span> <span class='ocrx_word' id='word_1_180' title='bbox 791 3088 865 3152; x_wconf 86' lang='lat' dir='ltr'><strong>talis</strong></span> <span class='ocrx_word' id='word_1_181' title='bbox 885 3087 951 3153; x_wconf 86' lang='lat' dir='ltr'><strong>fere</strong></span> <span class='ocrx_word' id='word_1_182' title='bbox 974 3094 1022 3153; x_wconf 87' lang='lat' dir='ltr'><strong>cst</strong></span> <span class='ocrx_word' id='word_1_183' title='bbox 1034 3091 1152 3174; x_wconf 86' lang='lat' dir='ltr'><strong>(terrae</strong></span> <span class='ocrx_word' id='word_1_184' title='bbox 1167 3090 1259 3175; x_wconf 88' lang='lat' dir='ltr'><strong>odor)</strong></span> <span class='ocrx_word' id='word_1_185' title='bbox 1281 3091 1316 3154; x_wconf 95' lang='lat' dir='ltr'><strong>in</strong></span> <span class='ocrx_word' id='word_1_186' title='bbox 1336 3090 1501 3156; x_wconf 85' lang='lat' dir='ltr'><strong>novalibus</strong></span> 
     </span>
     <span class='ocr_line' id='line_1_26' title="bbox 376 3191 1500 3278; baseline -0.001 -20"><span class='ocrx_word' id='word_1_187' title='bbox 376 3215 468 3259; x_wconf 87' lang='lat' dir='ltr'><strong>caesa</strong></span> <span class='ocrx_word' id='word_1_188' title='bbox 479 3199 585 3260; x_wconf 89' lang='lat' dir='ltr'><strong>vetere</strong></span> <span class='ocrx_word' id='word_1_189' title='bbox 602 3195 687 3272; x_wconf 87' lang='lat' dir='ltr'><strong>silva,</strong></span> <span class='ocrx_word' id='word_1_190' title='bbox 703 3198 736 3259; x_wconf 89' lang='lat' dir='ltr'><strong>et</strong></span> <span class='ocrx_word' id='word_1_191' title='bbox 751 3191 962 3259; x_wconf 83' lang='lat' dir='ltr'><strong>Choerobosci</strong></span> <span class='ocrx_word' id='word_1_192' title='bbox 974 3193 1114 3278; x_wconf 88' lang='lat' dir='ltr'><strong>orthogr.</strong></span> <span class='ocrx_word' id='word_1_193' title='bbox 1130 3193 1373 3275; x_wconf 82' lang='lat' dir='ltr'><strong>apGramerum</strong></span> <span class='ocrx_word' id='word_1_194' title='bbox 1383 3193 1500 3260; x_wconf 84' lang='lat' dir='ltr'><strong>Auecd.</strong></span> 
     </span>
     <span class='ocr_line' id='line_1_27' title="bbox 375 3288 1493 3382; baseline -0.003 -20"><span class='ocrx_word' id='word_1_195' title='bbox 375 3295 473 3365; x_wconf 88' lang='lat' dir='ltr'><strong>Oxou.</strong></span> <span class='ocrx_word' id='word_1_196' title='bbox 495 3296 529 3360; x_wconf 91' lang='lat' dir='ltr'><strong>II</strong></span> <span class='ocrx_word' id='word_1_197' title='bbox 549 3317 579 3378; x_wconf 92' lang='lat' dir='ltr'><strong>p.</strong></span> <span class='ocrx_word' id='word_1_198' title='bbox 603 3301 662 3362; x_wconf 82' lang='lat'><strong>241</strong></span> <span class='ocrx_word' id='word_1_199' title='bbox 687 3317 709 3359; x_wconf 91' lang='lat' dir='ltr'><strong>s.</strong></span> <span class='ocrx_word' id='word_1_200' title='bbox 732 3317 759 3360; x_wconf 90' lang='lat' dir='ltr'><strong>v.</strong></span> <span class='ocrx_word' id='word_1_201' title='bbox 784 3291 888 3371; x_wconf 85' lang='grc' dir='ltr'><strong><em>νειός·</em></strong></span> <span class='ocrx_word' id='word_1_202' title='bbox 921 3291 1076 3382; x_wconf 71' lang='grc' dir='ltr'><strong><em>σημαίνει</em></strong></span> <span class='ocrx_word' id='word_1_203' title='bbox 1103 3294 1139 3360; x_wconf 79' lang='grc' dir='ltr'><strong>δὲ</strong></span> <span class='ocrx_word' id='word_1_204' title='bbox 1168 3293 1225 3381; x_wconf 72' lang='grc' dir='ltr'><strong>τὴν</strong></span> <span class='ocrx_word' id='word_1_205' title='bbox 1252 3288 1493 3381; x_wconf 79' lang='grc' dir='ltr'><strong><em>ἄνανεουμένην</em></strong></span> 
     </span>
     <span class='ocr_line' id='line_1_28' title="bbox 375 3394 1496 3485; baseline 0 -24"><span class='ocrx_word' id='word_1_206' title='bbox 375 3403 462 3485; x_wconf 67' lang='grc' dir='ltr'><strong><em>γῆν),</em></strong></span> <span class='ocrx_word' id='word_1_207' title='bbox 483 3398 533 3462; x_wconf 91' lang='lat' dir='ltr'><strong>vel</strong></span> <span class='ocrx_word' id='word_1_208' title='bbox 555 3396 595 3462; x_wconf 91' lang='lat' dir='ltr'><strong>de</strong></span> <span class='ocrx_word' id='word_1_209' title='bbox 618 3396 719 3478; x_wconf 87' lang='lat' dir='ltr'><strong>pratis</strong></span> <span class='ocrx_word' id='word_1_210' title='bbox 748 3416 828 3478; x_wconf 88' lang='lat' dir='ltr'><strong>quae</strong></span> <span class='ocrx_word' id='word_1_211' title='bbox 850 3394 1011 3460; x_wconf 88' lang='lat' dir='ltr'><strong>interdum</strong></span> <span class='ocrx_word' id='word_1_212' title='bbox 1031 3395 1184 3461; x_wconf 84' lang='lat' dir='ltr'><strong>frumenti</strong></span> <span class='ocrx_word' id='word_1_213' title='bbox 1204 3416 1300 3461; x_wconf 87' lang='lat' dir='ltr'><strong>causa</strong></span> <span class='ocrx_word' id='word_1_214' title='bbox 1318 3401 1496 3474; x_wconf 83' lang='lat' dir='ltr'><strong>exarantur,</strong></span> 
     </span>
     <span class='ocr_line' id='line_1_29' title="bbox 372 3503 1496 3590; baseline -0.004 -18"><span class='ocrx_word' id='word_1_215' title='bbox 372 3508 455 3590; x_wconf 90' lang='lat' dir='ltr'><strong>quia,</strong></span> <span class='ocrx_word' id='word_1_216' title='bbox 477 3511 513 3570; x_wconf 94' lang='lat' dir='ltr'><strong>ut</strong></span> <span class='ocrx_word' id='word_1_217' title='bbox 534 3511 644 3570; x_wconf 89' lang='lat' dir='ltr'><strong>auctor</strong></span> <span class='ocrx_word' id='word_1_218' title='bbox 666 3508 714 3569; x_wconf 88' lang='lat' dir='ltr'><strong>est</strong></span> <span class='ocrx_word' id='word_1_219' title='bbox 737 3503 911 3569; x_wconf 83' lang='lat' dir='ltr'><strong>Columella</strong></span> <span class='ocrx_word' id='word_1_220' title='bbox 924 3503 967 3582; x_wconf 90' lang='grc' dir='ltr'><strong>Π,</strong></span> <span class='ocrx_word' id='word_1_221' title='bbox 986 3509 1023 3570; x_wconf 90' lang='grc'><strong>19</strong></span> <span class='ocrx_word' id='word_1_222' title='bbox 1039 3504 1115 3590; x_wconf 82' lang='grc'>(18),</span> <span class='ocrx_word' id='word_1_223' title='bbox 1131 3511 1159 3584; x_wconf 88' lang='grc'><strong>3,</strong></span> <span class='ocrx_word' id='word_1_224' title='bbox 1174 3505 1255 3570; x_wconf 85' lang='lat' dir='ltr'><strong>talis</strong></span> <span class='ocrx_word' id='word_1_225' title='bbox 1274 3527 1359 3590; x_wconf 89' lang='lat' dir='ltr'><strong>ager,</strong></span> <span class='ocrx_word' id='word_1_226' title='bbox 1381 3525 1496 3570; x_wconf 87' lang='lat' dir='ltr'><strong>novam</strong></span> 
     </span>
     <span class='ocr_line' id='line_1_30' title="bbox 373 3602 1499 3692; baseline -0.003 -21"><span class='ocrx_word' id='word_1_227' title='bbox 373 3607 465 3692; x_wconf 91' lang='lat' dir='ltr'><strong>quasi</strong></span> <span class='ocrx_word' id='word_1_228' title='bbox 485 3607 584 3672; x_wconf 88' lang='lat' dir='ltr'><strong>vitam</strong></span> <span class='ocrx_word' id='word_1_229' title='bbox 606 3603 793 3687; x_wconf 86' lang='lat' dir='ltr'><strong>auspicatus,</strong></span> <span class='ocrx_word' id='word_1_230' title='bbox 814 3608 888 3685; x_wconf 90' lang='lat' dir='ltr'><strong>post</strong></span> <span class='ocrx_word' id='word_1_231' title='bbox 907 3604 1035 3688; x_wconf 87' lang='lat' dir='ltr'><strong>longam</strong></span> <span class='ocrx_word' id='word_1_232' title='bbox 1057 3602 1212 3671; x_wconf 85' lang='lat' dir='ltr'><strong>desidiam</strong></span> <span class='ocrx_word' id='word_1_233' title='bbox 1227 3605 1376 3670; x_wconf 85' lang='lat' dir='ltr'><strong>laetiores</strong></span> <span class='ocrx_word' id='word_1_234' title='bbox 1394 3604 1499 3670; x_wconf 78' lang='lat' dir='ltr'><strong>adfert</strong></span> 
     </span>
     <span class='ocr_line' id='line_1_31' title="bbox 374 3699 1497 3795; baseline -0.003 -22"><span class='ocrx_word' id='word_1_235' title='bbox 374 3713 503 3792; x_wconf 84' lang='lat' dir='ltr'><strong>segetes,</strong></span> <span class='ocrx_word' id='word_1_236' title='bbox 524 3712 560 3771; x_wconf 92' lang='lat' dir='ltr'><strong>ut</strong></span> <span class='ocrx_word' id='word_1_237' title='bbox 579 3711 665 3772; x_wconf 86' lang='lat' dir='ltr'><strong>recte</strong></span> <span class='ocrx_word' id='word_1_238' title='bbox 687 3727 800 3790; x_wconf 86' lang='lat' dir='ltr'><strong>graece</strong></span> <span class='ocrx_word' id='word_1_239' title='bbox 823 3705 886 3770; x_wconf 91' lang='lat' dir='ltr'><strong>dici</strong></span> <span class='ocrx_word' id='word_1_240' title='bbox 908 3706 1049 3787; x_wconf 89' lang='lat' dir='ltr'><strong>potuerit</strong></span> <span class='ocrx_word' id='word_1_241' title='bbox 1070 3702 1119 3788; x_wconf 83' lang='grc' dir='ltr'><strong><em>είς-</em></strong></span> <span class='ocrx_word' id='word_1_242' title='bbox 1134 3705 1223 3772; x_wconf 87' lang='grc' dir='ltr'><strong><em>νειδν</em></strong></span> <span class='ocrx_word' id='word_1_243' title='bbox 1244 3699 1377 3795; x_wconf 77' lang='grc' dir='ltr'><strong><em>ἀρόσαι,</em></strong></span> <span class='ocrx_word' id='word_1_244' title='bbox 1400 3707 1497 3772; x_wconf 89' lang='lat' dir='ltr'><strong>veluti</strong></span> 
     </span>
     <span class='ocr_line' id='line_1_32' title="bbox 372 3809 1497 3893; baseline 0.001 -17"><span class='ocrx_word' id='word_1_245' title='bbox 372 3810 457 3893; x_wconf 85' lang='lat' dir='ltr'><strong>apud</strong></span> <span class='ocrx_word' id='word_1_246' title='bbox 478 3811 574 3893; x_wconf 85' lang='lat' dir='ltr'><strong>Geop.</strong></span> <span class='ocrx_word' id='word_1_247' title='bbox 595 3810 653 3889; x_wconf 93' lang='grc' dir='ltr'>ΙΙΙ,</span> <span class='ocrx_word' id='word_1_248' title='bbox 673 3815 701 3888; x_wconf 87' lang='grc'><strong>6,</strong></span> <span class='ocrx_word' id='word_1_249' title='bbox 724 3817 751 3876; x_wconf 89' lang='grc'><strong>7.</strong></span> <span class='ocrx_word' id='word_1_250' title='bbox 795 3809 834 3873; x_wconf 95' lang='lat' dir='ltr'><strong>In</strong></span> <span class='ocrx_word' id='word_1_251' title='bbox 851 3809 1005 3891; x_wconf 85' lang='lat' dir='ltr'><strong>proximis</strong></span> <span class='ocrx_word' id='word_1_252' title='bbox 1024 3833 1096 3876; x_wconf 92' lang='lat' dir='ltr'><strong>cum</strong></span> <span class='ocrx_word' id='word_1_253' title='bbox 1116 3811 1151 3875; x_wconf 92' lang='lat' dir='ltr'><strong>in</strong></span> <span class='ocrx_word' id='word_1_254' title='bbox 1171 3812 1316 3877; x_wconf 87' lang='lat' dir='ltr'><strong>omnibus</strong></span> <span class='ocrx_word' id='word_1_255' title='bbox 1337 3810 1497 3877; x_wconf 91' lang='lat' dir='ltr'><strong>codicibus</strong></span> 
     </span>
     <span class='ocr_line' id='line_1_33' title="bbox 371 3913 1498 4002; baseline 0.003 -24"><span class='ocrx_word' id='word_1_256' title='bbox 371 3914 496 3998; x_wconf 88' lang='lat' dir='ltr'><strong>legatur</strong></span> <span class='ocrx_word' id='word_1_257' title='bbox 517 3913 771 4002; x_wconf 76' lang='grc' dir='ltr'><strong><em>καταρρέοντας,</em></strong></span> <span class='ocrx_word' id='word_1_258' title='bbox 800 3914 984 3988; x_wconf 84' lang='lat' dir='ltr'><strong>restitutum</strong></span> <span class='ocrx_word' id='word_1_259' title='bbox 1003 3914 1065 3980; x_wconf 94' lang='lat' dir='ltr'><strong>hoc</strong></span> <span class='ocrx_word' id='word_1_260' title='bbox 1087 3920 1135 3980; x_wconf 90' lang='lat' dir='ltr'><strong>est</strong></span> <span class='ocrx_word' id='word_1_261' title='bbox 1154 3936 1174 3979; x_wconf 91' lang='lat' dir='ltr'><strong>a</strong></span> <span class='ocrx_word' id='word_1_262' title='bbox 1194 3914 1348 3981; x_wconf 89' lang='lat' dir='ltr'><strong>Kramero</strong></span> <span class='ocrx_word' id='word_1_263' title='bbox 1369 3936 1429 3998; x_wconf 93' lang='lat' dir='ltr'><strong>pro</strong></span> <span class='ocrx_word' id='word_1_264' title='bbox 1449 3937 1498 3981; x_wconf 86' lang='lat' dir='ltr'><strong>re·</strong></span> 
     </span>
     <span class='ocr_line' id='line_1_34' title="bbox 372 4015 1498 4106; baseline 0.002 -22"><span class='ocrx_word' id='word_1_265' title='bbox 372 4020 548 4084; x_wconf 80' lang='lat' dir='ltr'><strong>cantiorum</strong></span> <span class='ocrx_word' id='word_1_266' title='bbox 561 4018 755 4083; x_wconf 86' lang='lat' dir='ltr'><strong>correctione</strong></span> <span class='ocrx_word' id='word_1_267' title='bbox 770 4015 1054 4106; x_wconf 80' lang='grc' dir='ltr'><strong><em>καταρραίνονεας</em></strong></span> <span class='ocrx_word' id='word_1_268' title='bbox 1075 4018 1318 4104; x_wconf 88' lang='lat' dir='ltr'><strong>dubitanterque</strong></span> <span class='ocrx_word' id='word_1_269' title='bbox 1333 4018 1498 4086; x_wconf 86' lang='lat' dir='ltr'><strong>defensum</strong></span> 
     </span>
     <span class='ocr_line' id='line_1_35' title="bbox 373 4121 1498 4206; baseline 0.001 -17"><span class='ocrx_word' id='word_1_270' title='bbox 373 4123 572 4190; x_wconf 80' lang='lat' dir='ltr'><strong>aMeinelrio</strong></span> <span class='ocrx_word' id='word_1_271' title='bbox 599 4123 633 4188; x_wconf 91' lang='lat' dir='ltr'><strong>iu</strong></span> <span class='ocrx_word' id='word_1_272' title='bbox 657 4121 751 4191; x_wconf 89' lang='lat' dir='ltr'><strong>Vind.</strong></span> <span class='ocrx_word' id='word_1_273' title='bbox 781 4121 926 4188; x_wconf 87' lang='lat' dir='ltr'><strong>Strabon.</strong></span> <span class='ocrx_word' id='word_1_274' title='bbox 955 4144 985 4206; x_wconf 90' lang='lat' dir='ltr'><strong>p.</strong></span> <span class='ocrx_word' id='word_1_275' title='bbox 1007 4129 1079 4190; x_wconf 82' lang='lat'><strong>224.</strong></span> <span class='ocrx_word' id='word_1_276' title='bbox 1121 4125 1177 4203; x_wconf 84' lang='lat' dir='ltr'><strong>At,</strong></span> <span class='ocrx_word' id='word_1_277' title='bbox 1209 4124 1237 4188; x_wconf 92' lang='lat' dir='ltr'><strong>si</strong></span> <span class='ocrx_word' id='word_1_278' title='bbox 1266 4145 1375 4190; x_wconf 90' lang='lat' dir='ltr'><strong>verum</strong></span> <span class='ocrx_word' id='word_1_279' title='bbox 1404 4125 1498 4190; x_wconf 87' lang='lat' dir='ltr'><strong>fateri</strong></span> 
     </span>
     <span class='ocr_line' id='line_1_36' title="bbox 370 4226 1498 4317; baseline 0.001 -21"><span class='ocrx_word' id='word_1_280' title='bbox 370 4231 520 4308; x_wconf 90' lang='lat' dir='ltr'><strong>volumus,</strong></span> <span class='ocrx_word' id='word_1_281' title='bbox 540 4226 785 4317; x_wconf 84' lang='grc' dir='ltr'><strong><em>καναρρέονιας</em></strong></span> <span class='ocrx_word' id='word_1_282' title='bbox 807 4229 847 4294; x_wconf 89' lang='lat' dir='ltr'><strong>ab</strong></span> <span class='ocrx_word' id='word_1_283' title='bbox 869 4250 928 4293; x_wconf 89' lang='lat' dir='ltr'><strong>usu</strong></span> <span class='ocrx_word' id='word_1_284' title='bbox 943 4249 1057 4311; x_wconf 91' lang='lat' dir='ltr'><strong>parum</strong></span> <span class='ocrx_word' id='word_1_285' title='bbox 1069 4229 1215 4296; x_wconf 71' lang='lat' dir='ltr'><strong>firmtur</strong></span> <span class='ocrx_word' id='word_1_286' title='bbox 1236 4231 1384 4296; x_wconf 88' lang='lat' dir='ltr'><strong>etaltera</strong></span> <span class='ocrx_word' id='word_1_287' title='bbox 1403 4231 1498 4297; x_wconf 87' lang='lat' dir='ltr'><strong>lectio</strong></span> 
     </span>
     <span class='ocr_line' id='line_1_37' title="bbox 370 4333 1499 4419; baseline 0.002 -18"><span class='ocrx_word' id='word_1_288' title='bbox 370 4337 437 4402; x_wconf 86' lang='lat' dir='ltr'><strong>fere</strong></span> <span class='ocrx_word' id='word_1_289' title='bbox 449 4334 595 4411; x_wconf 91' lang='lat' dir='ltr'><strong>omnium,</strong></span> <span class='ocrx_word' id='word_1_290' title='bbox 608 4333 664 4418; x_wconf 90' lang='lat' dir='ltr'><strong>qui</strong></span> <span class='ocrx_word' id='word_1_291' title='bbox 678 4333 713 4396; x_wconf 91' lang='lat' dir='ltr'><strong>in</strong></span> <span class='ocrx_word' id='word_1_292' title='bbox 724 4333 785 4397; x_wconf 87' lang='lat' dir='ltr'><strong>hac</strong></span> <span class='ocrx_word' id='word_1_293' title='bbox 796 4334 1036 4400; x_wconf 88' lang='lat' dir='ltr'><strong>narratiuncula</strong></span> <span class='ocrx_word' id='word_1_294' title='bbox 1045 4334 1159 4419; x_wconf 84' lang='lat' dir='ltr'><strong>legisse</strong></span> <span class='ocrx_word' id='word_1_295' title='bbox 1172 4335 1320 4401; x_wconf 88' lang='lat' dir='ltr'><strong>videntur</strong></span> <span class='ocrx_word' id='word_1_296' title='bbox 1334 4335 1499 4403; x_wconf 85' lang='lat' dir='ltr'><strong>Strabonis</strong></span> 
     </span>
     <span class='ocr_line' id='line_1_38' title="bbox 369 4439 1496 4526; baseline 0.004 -20"><span class='ocrx_word' id='word_1_297' title='bbox 369 4442 509 4526; x_wconf 81' lang='lat' dir='ltr'><strong>vestigia,</strong></span> <span class='ocrx_word' id='word_1_298' title='bbox 531 4459 684 4504; x_wconf 88' lang='lat' dir='ltr'><strong>consensu</strong></span> <span class='ocrx_word' id='word_1_299' title='bbox 702 4439 848 4522; x_wconf 89' lang='lat' dir='ltr'><strong>inprimis</strong></span> <span class='ocrx_word' id='word_1_300' title='bbox 869 4439 1115 4508; x_wconf 85' lang='lat' dir='ltr'><strong>commendatur.</strong></span> <span class='ocrx_word' id='word_1_301' title='bbox 1144 4439 1228 4506; x_wconf 89' lang='lat' dir='ltr'><strong>Nam</strong></span> <span class='ocrx_word' id='word_1_302' title='bbox 1246 4442 1496 4524; x_wconf 86' lang='lat' dir='ltr'><strong>praeterloann.</strong></span> 
     </span>
     <span class='ocr_line' id='line_1_39' title="bbox 368 4543 1498 4634; baseline -0.001 -20"><span class='ocrx_word' id='word_1_303' title='bbox 368 4548 511 4617; x_wconf 80' lang='lat' dir='ltr'><strong>Tuetrem</strong></span> <span class='ocrx_word' id='word_1_304' title='bbox 538 4543 739 4613; x_wconf 87' lang='lat' dir='ltr'><strong>aLobeckio</strong></span> <span class='ocrx_word' id='word_1_305' title='bbox 765 4544 800 4612; x_wconf 91' lang='lat' dir='ltr'><strong>in</strong></span> <span class='ocrx_word' id='word_1_306' title='bbox 822 4545 975 4632; x_wconf 81' lang='lat' dir='ltr'><strong>Aglaoph.</strong></span> <span class='ocrx_word' id='word_1_307' title='bbox 996 4565 1027 4629; x_wconf 85' lang='lat' dir='ltr'><strong>p.</strong></span> <span class='ocrx_word' id='word_1_308' title='bbox 1052 4549 1133 4613; x_wconf 83' lang='lat'>1198</span> <span class='ocrx_word' id='word_1_309' title='bbox 1161 4545 1360 4634; x_wconf 82' lang='lat' dir='ltr'><strong>adlegatum,</strong></span> <span class='ocrx_word' id='word_1_310' title='bbox 1386 4549 1442 4633; x_wconf 94' lang='lat' dir='ltr'><strong>qui</strong></span> <span class='ocrx_word' id='word_1_311' title='bbox 1462 4549 1498 4613; x_wconf 90' lang='lat' dir='ltr'><strong>in</strong></span> 
     </span>
    </p>
   </div>
   <div class='ocr_carea' id='block_1_6' title="bbox 0 0 1772 5392">
    <p class='ocr_par' dir='ltr' id='par_1_8' title="bbox 0 0 1772 5392">
     <span class='ocr_line' id='line_1_40' title="bbox 0 0 1772 5392; baseline 0 4"><span class='ocrx_word' id='word_1_312' title='bbox 0 0 1772 5392; x_wconf 95' lang='lat' dir='ltr'><strong> </strong></span> 
     </span>
    </p>
   </div>
  </div>
 </body>
</html>
