3534 5392
771 453 986 532 asp...

303 633 509 718 quentissimo
529 609 635 698 tamen
663 653 723 698 usu
750 633 920 700 locutionis
952 587 1069 722 πόρρω
1098 630 1230 719 ἡλικίας
1251 628 1343 720 ἥκειν
1364 596 1432 710 etc,

306 761 326 805 a
351 740 482 805 Platone
514 737 556 804 ad
587 739 777 820 posteriores
808 739 1012 805 transmissae
1044 743 1139 823 atque
1171 737 1267 804 altius
1299 725 1429 803 defixae.

305 867 401 929 quam
419 848 456 908 ut
470 843 645 926 exstirpare
659 845 800 928 potuerit
818 845 1066 928 Byzantinorum
1087 849 1187 923 aetas,
1209 843 1357 928 equibus
1373 841 1428 909 ad·

204 1009 214 1020 ,
304 948 414 1013 tulisse
436 947 513 1012 satis
531 947 594 1012 erit
612 945 742 1029 Procop.
764 947 795 1012 b.
818 969 845 1032 g.
868 946 892 1025 1,
913 951 932 1014 3
955 967 985 1029 p.
1002 951 1048 1024 16,
1072 949 1112 1013 20
1136 943 1252 1033 πόρρω
1276 969 1343 1011 που
1365 937 1428 1032 ἤδη

305 1045 436 1138 ἡλικίας
451 1046 548 1137 ἥκων.
564 1049 588 1129 Ι,
613 1058 649 1117 11
666 1072 697 1134 p.
713 1055 762 1129 ct,
784 1054 803 1121 8
826 1045 959 1136 ἡλικίας
974 1071 1009 1116 τε
1029 1045 1145 1136 πόρρω
1162 1045 1294 1136 ἥκοντα.
1319 1047 1429 1114 Ioaun.

305 1151 446 1220 Oinnam.
467 1151 551 1234 Epis
575 1144 611 1235 p,
628 1159 656 1230 5,
681 1159 695 1219 t
719 1152 761 1216 M.
792 1144 887 1242 ἆνὸρλ
911 1149 1028 1238 πόρρω
1058 1153 1117 1237 τῆς
1145 1143 1277 1236 ἡλικίας
1305 1147 1427 1236 ἥκοντι,

305 1281 416 1326 vereor
433 1281 475 1326 ne
495 1261 600 1326 verius
620 1259 725 1326 locum
745 1280 803 1342 per
820 1257 1102 1341 transpositionem
1121 1256 1305 1324 emendasse
1319 1256 1431 1324 ridear

303 1370 364 1436 hcc
384 1367 493 1434 modo:
517 1359 598 1454 ἆνὴρ
614 1360 746 1454 ἡλικίας
761 1389 798 1432 τε
814 1360 903 1451 ἥκων
920 1361 1037 1454 πόρρω
1057 1364 1221 1447 utiturque
1241 1363 1430 1430 Plutarchus

304 1470 401 1536 simili
422 1469 578 1553 positura,
607 1467 719 1534 eadem
745 1468 779 1531 ni
801 1466 896 1532 fallor
917 1465 1024 1530 hiatus
1045 1462 1121 1550 fuga
1143 1464 1278 1542 sancita,
1307 1464 1341 1530 in
1363 1463 1428 1530 vita

304 1573 506 1640 demittat:
537 1569 680 1658 γεγονώς
700 1571 761 1653 μὲν
785 1563 918 1659 ἡλικίας
938 1561 1001 1656 ἤδη
1025 1566 1152 1658 πρόσω.
1479 1563 1485 1572 ’

389 1677 448 1742 His
476 1676 662 1742 subnectere
682 1674 772 1740 lubet
799 1673 1023 1740 difficillimum
1050 1674 1155 1738 locum
1184 1693 1222 1738 ex
1244 1671 1348 1758 Symp.
1370 1671 1428 1754 IX,

308 1789 356 1861 14,
382 1790 393 1848 t
429 1803 459 1865 p.
482 1787 544 1849 743
567 1781 595 1858 d,
623 1782 659 1845 in
683 1803 746 1865 quo
778 1779 983 1864 expediendo,
1014 1781 1163 1865 quoniam
1193 1801 1252 1846 nec
1280 1779 1430 1860 codicum,

305 1886 368 1951 nisi
388 1885 515 1970 quando
532 1885 722 1969 integriores
743 1906 836 1968 opem
856 1886 1004 1964 tulerint,
1027 1905 1086 1950 nec
1108 1883 1243 1949 aliorum
1264 1887 1428 1950 auctorum

303 1988 403 2070 copiis
430 1987 585 2053 adhibitis
608 1987 774 2070 persancti
791 1993 910 2070 potest,
941 1987 983 2053 ad
1004 1987 1201 2053 coniectandi
1221 1987 1324 2054 aleam
1341 1989 1424 2056 redi·

303 2093 416 2180 gimur.
468 2093 623 2160 Luxuriat
649 2093 703 2159 ibi
731 2093 921 2159 Plutarchus
952 2114 1011 2177 pro
1038 2114 1126 2159 more
1155 2093 1190 2158 in
1219 2094 1429 2180 originatione

303 2197 465 2263 Musarum
488 2197 652 2262 nominum
672 2195 836 2278 Calliopes,
866 2195 1057 2281 Polymniae,
1079 2196 1234 2280 Euterpes
1261 2197 1431 2264 indicanda

302 2323 340 2367 ac
360 2300 585 2366 vocabulorum
604 2298 834 2385 significatione
855 2319 914 2383 per
934 2301 1213 2383 interpretationes
1242 2301 1428 2387 allegoricas

302 2397 508 2465 inlustranda
552 2399 601 2466 De
622 2399 787 2484 Poly-mnia
816 2435 859 2448 -·
888 2419 964 2466 nam
985 2405 1108 2467 ceterae
1130 2401 1211 2466 nibil
1232 2401 1274 2468 ad
1295 2423 1363 2470 rem
1384 2441 1428 2454 -

301 2508 380 2574 hacc
400 2505 547 2587 exponit:
570 2499 592 2592 ἤ
614 2527 650 2570 ca
669 2502 847 2587 Πολύμνια
876 2502 915 2569 τὸ
937 2501 1115 2594 ἱστορικόν·
1139 2501 1209 2573 ἔστι
1232 2505 1293 2596 γὰρ
1315 2509 1425 2597 μνήμη

302 2609 445 2688 πολλῶν,
466 2607 600 2690 ἐνιαχοῦ
619 2605 1027 2696 stantemstantem
1051 2608 1068 2674 ε’
1074 2635 1091 2674 ν
1114 2607 1228 2697 λείῳ,
1253 2610 1313 2689 τὰς
1325 2611 1424 2679 Mod-

302 2737 363 2789 σας
386 2707 519 2788 Μνείας
537 2711 718 2776 καλεῖσθαι
741 2710 903 2794 λέγουσιν.
947 2709 1009 2788 Qui
1036 2711 1071 2775 in
1099 2711 1204 2778 verbis
1226 2715 1422 2797 corruptissi-

304 2815 365 2879 mis
402 2809 518 2902 ὥσπερ
545 2814 580 2880 ἐν
607 2809 686 2900 λείῳ
706 2813 775 2896 ,loci
803 2835 919 2881 nomen
948 2813 1132 2884 delitescere
1161 2817 1311 2901 suspicati
1347 2825 1428 2898 sunt

302 2935 414 2997 parum
435 2913 659 2998 circumspecte
682 2916 783 3000 egisse
804 2913 967 3004 videntur;
993 2939 1068 2984 uam
1099 2927 1306 3004 praepostera
1332 2923 1427 3007 plane

300 3019 334 3083 ni
362 3017 457 3084 fallor
477 3016 631 3084 eiusmodi
660 3017 797 3082 nominis
825 3023 898 3101 post
929 3015 1042 3096 πάσας
1063 3028 1147 3088 esset
1172 3023 1363 3104 conlocatio,
1394 3031 1427 3092 et

299 3123 363 3190 alia
384 3123 515 3189 offensio
536 3121 623 3188 haud
644 3122 749 3215 lenior
769 3124 879 3189 existit
900 3147 940 3190 ex
961 3145 1006 3204 eo,
1032 3125 1117 3209 quod
1138 3147 1251 3210 parum
1273 3129 1425 3198 credibile

298 3231 347 3292 est
373 3225 545 3291 Plutarcho
570 3247 638 3291 rem
669 3225 749 3291 adeo
778 3224 909 3290 dubiam
940 3223 1050 3303 fuisse,
1087 3230 1124 3291 ut
1149 3233 1426 3313 postquamoertc

298 3331 436 3421 quodam
463 3331 533 3395 loco
560 3330 668 3395 Musas
698 3327 831 3407 Μνείας
868 3331 1047 3413 nuncupari
1075 3331 1231 3412 docuerit,
1262 3333 1428 3402 admiserit

298 3443 408 3502 tamen
426 3433 559 3499 verbum
585 3433 753 3517 λέγουσιν,
777 3431 863 3517 quod
883 3434 1064 3519 ambiguam
1085 3422 1191 3517 potius
1222 3455 1329 3502 rerum
1351 3457 1422 3504 nar·

300 3545 442 3607 ratarum
467 3537 591 3606 redolet
609 3537 714 3605 fidem.
766 3537 848 3604 Nam
868 3539 917 3604 ita
940 3539 994 3623 qui
1012 3539 1155 3624 loquitur
1174 3539 1328 3622 ostendit,
1358 3565 1425 3610 sese

210 3642 213 3648 ’
299 3644 361 3712 1οοί
389 3666 451 3730 quo
481 3642 558 3728 quid
587 3643 706 3709 iactum
734 3643 776 3708 sit
803 3643 881 3708 satis
909 3663 1042 3728 guarum
1073 3663 1158 3722 esse,
1187 3643 1288 3710 nihilo
1317 3649 1425 3713 tamen

299 3749 400 3835 magis
418 3749 522 3831 ipsam
544 3767 627 3824 rem,
649 3766 745 3830 quam
760 3745 878 3811 alicubi
901 3744 1018 3810 factam
1041 3765 1108 3810 esse
1128 3747 1277 3812 metuent
1298 3748 1348 3814 tel
1369 3769 1422 3814 au·

300 3853 415 3922 diendo
429 3852 601 3928 resciverit
621 3851 746 3915 incerta
766 3849 858 3933 quasi
879 3847 954 3914 sede
975 3847 1084 3934 vagari
1106 3853 1203 3933 atque
1224 3869 1338 3933 parum
1359 3867 1427 3919 esse

300 3963 507 4042 compertam,
536 3975 634 4039 quae,
661 3973 767 4019 meum
794 3953 822 4016 si
851 3973 966 4037 sequor
987 3973 1127 4032 sensum,
1156 3971 1306 4036 perversa
1326 3959 1376 4021 est
1395 3959 1428 4024 et

297 4067 410 4148 inepta
438 4060 669 4128 sententiarum
703 4057 888 4139 conpositio.
954 4057 1039 4142 Ενςο
1071 4055 1222 4140 quoniam
1255 4077 1320 4122 uon
1352 4057 1458 4134 talis,

298 4169 405 4236 auimo
425 4163 591 4231 informari
611 4183 703 4244 posse
723 4158 849 4226 videtur
871 4160 1029 4225 enuntiati
1049 4159 1239 4243 conpositio,
1261 4183 1343 4245 quae
1366 4183 1422 4228 no·

297 4290 372 4337 men
395 4267 484 4334 urbis
513 4264 689 4352 regiouisve
725 4260 892 4340 admittat,
924 4261 1004 4326 illud
1041 4283 1152 4346 reapse
1180 4261 1235 4328 vix
1265 4264 1425 4332 mentione

297 4373 446 4458 dignum,
473 4367 559 4455 quod
587 4367 706 4432 frustm
726 4363 831 4430 adhuc
852 4364 1031 4446 quaesitum
1060 4370 1108 4430 est
1128 4365 1191 4431 loci
1211 4385 1343 4444 nomen,
1373 4367 1425 4434 cui

296 4473 366 4538 iure
387 4489 444 4536 suo
464 4466 626 4553 adagnmi
640 4463 782 4549 potuerit
798 4463 860 4528 iste
875 4463 1036 4530 Musarum
1051 4463 1163 4534 cultus.
1206 4464 1272 4532 Nec
1293 4466 1424 4550 mirum3

297 4573 393 4639 immo
427 4591 500 4638 cum
534 4567 669 4636 anullo
698 4565 762 4650 alio
792 4568 952 4662 quantum
975 4565 1173 4632 meminerim
1201 4567 1355 4650 scriptore
1382 4566 1424 4635 de
