3534 5392
848 380 1084 514 -ln-'

394 640 458 704 qua
479 640 550 684 cum
573 615 675 684 solido
696 613 821 699 corpori
842 613 955 682 similia
977 614 1020 680 sit
1044 611 1193 700 (ἐοικυῖα
1214 612 1338 702 στερεῷ
1362 607 1520 695 σάματι),

395 721 570 789 crocodilus
583 721 618 787 in
634 719 755 804 praeda
767 740 831 785 uno
846 720 914 784 ictu
928 716 1072 784 ferienda
1084 737 1143 801 pro
1156 715 1282 803 flagello
1301 715 1349 780 uti
1364 719 1521 781 narratur.

394 824 498 910 Magis
517 824 615 891 etiam
635 822 761 888 mireris
780 820 939 887 Achillem
962 817 1154 886 Schneidero
1175 817 1255 886 adeo
1277 818 1392 884 harum
1415 837 1522 882 rerum
1625 869 1630 876 .

393 930 495 994 visum
516 949 583 996 esse
605 927 778 1012 inperitum
797 926 849 992 vel
866 925 951 992 male
974 924 1163 1002 consultum,
1191 926 1229 988 ut
1249 923 1374 1005 spinam
1400 943 1439 988 ex
1459 941 1522 987 uno

394 1035 501 1120 potius
528 1055 598 1101 osse
625 1054 722 1118 quam
753 1055 792 1099 ex
826 1036 918 1097 arcta
954 1031 1173 1098 vertebrarum
1203 1049 1344 1115 conpage
1375 1033 1521 1094 constare

392 1134 542 1218 opinatos
571 1131 677 1198 fuerit
727 1131 886 1197 Nimirum
913 1151 985 1198 cum
1014 1133 1069 1216 qui
1094 1135 1197 1196 totum
1227 1131 1311 1198 hunc
1340 1131 1444 1198 locum
1467 1151 1518 1196 ex-

393 1233 522 1316 scripsit
545 1232 732 1299 Eustathius
751 1233 788 1297 in
809 1231 984 1300 Commeat.
1005 1231 1049 1299 ad
1069 1232 1220 1299 Hexaam.
1242 1252 1272 1316 p.
1296 1239 1350 1312 21,
1376 1233 1456 1300 haec
1475 1233 1523 1298 its

392 1337 614 1403 coarctaverit:
643 1337 701 1422 τῆς
722 1332 848 1424 ῥάχοως
865 1331 928 1424 γάρ
947 1332 1037 1400 ἐστιν
1053 1329 1125 1414 ἑνὸς
1149 1329 1268 1402 ὀστέου
1287 1333 1439 1422 τελευτή,
1463 1335 1523 1401 hoc

391 1443 471 1509 sads
492 1463 605 1508 causae
626 1441 688 1506 fuit
707 1440 750 1507 ad
770 1439 942 1506 creandam
973 1440 1069 1506 istam
1091 1439 1357 1520 emendationem,
1386 1461 1450 1524 qna
1469 1441 1523 1506 vix

393 1546 565 1630 quicquam
589 1543 822 1628 improbabilius
849 1543 1024 1628 excogitari
1050 1563 1143 1627 posse
1169 1544 1272 1611 credo.
1317 1543 1521 1611 Manifestum

398 1651 483 1718 enim
508 1657 653 1717 tenemus
674 1669 814 1716 errorem
835 1648 1054 1732 compilatoris,
1077 1650 1132 1734 qui
1154 1671 1236 1735 qnae
1257 1651 1321 1734 ipsi
1341 1651 1456 1718 vitiosa
1475 1653 1519 1717 vi-

394 1750 559 1830 debantur,
580 1770 640 1834 pro
659 1755 755 1834 captu
777 1771 834 1814 suo
855 1751 1016 1836 corrigere
1035 1751 1228 1836 temptabat,
1249 1773 1314 1837 qua
1334 1753 1369 1818 in
1390 1775 1425 1820 re
1450 1775 1521 1819 cum

391 1879 505 1942 parum
522 1857 722 1944 profecisset,
743 1858 890 1940 proximo
902 1857 1002 1924 verba
1026 1861 1082 1923 καὶ
1103 1861 1206 1946 μέρος
1223 1854 1326 1925 αὐτοῦ
1342 1864 1407 1925 τῶν
1422 1859 1517 1942 ὅλων,

392 1970 503 2047 utpote
530 1985 624 2031 sensu
650 1983 752 2041 cassa,
782 1961 891 2028 omisit
918 1967 952 2027 et
979 1962 1026 2026 ita
1054 1982 1094 2026 ex
1122 1961 1258 2027 sanabili
1280 1962 1409 2028 vulnere
1430 1961 1519 2028 ulcus

392 2067 469 2134 fecit
488 2069 581 2154 longe
602 2065 787 2151 malignius,
808 2063 908 2149 quod,
930 2064 957 2128 si
973 2063 1159 2129 Eustathius
1173 2065 1284 2130 unicus
1298 2065 1394 2131 huius
1410 2087 1517 2132 narra·

392 2173 490 2238 tionis
520 2176 605 2238 esset
629 2170 712 2248 fons,
744 2169 851 2234 curari
879 2167 974 2250 plane
1004 2189 1068 2234 non
1095 2174 1212 2252 posset
1268 2169 1410 2236 Similem
1436 2171 1519 2236 viam

394 2278 555 2344 lacobsius
582 2275 670 2353 iniit,
706 2275 818 2357 inepta
845 2279 935 2338 ratus
962 2279 1105 2340 extrema
1134 2275 1247 2357 verha;
1285 2277 1408 2343 nullum
1436 2277 1518 2356 enim

393 2405 461 2451 esse
485 2381 618 2461 animal,
646 2380 731 2466 quod
752 2379 854 2446 cauda
875 2381 917 2444 sit
938 2379 1132 2462 praeditum,
1162 2381 1251 2446 cuius
1271 2383 1371 2448 cauda
1392 2403 1456 2448 non
1476 2383 1518 2448 sit

395 2505 471 2568 pars
492 2485 557 2547 τῶν
579 2479 674 2559 ὅλων,
706 2481 792 2566 quod
818 2502 914 2565 quam
939 2480 1022 2547 belle
1044 2480 1173 2560 dixerit,
1203 2481 1363 2548 neminem
1381 2482 1431 2548 vel
1453 2482 1520 2548 sins

392 2588 646 2656 testimoniorum
673 2585 736 2652 fide
763 2587 856 2664 latet,
887 2609 927 2652 ne
954 2585 1152 2672 philologum
1179 2587 1308 2672 quidem
1336 2589 1520 2674 ceteroquin

392 2713 458 2760 non
479 2693 526 2758 ita
546 2691 684 2758 libenter
705 2689 907 2756 crediturum.
953 2688 1014 2756 Sed
1035 2690 1070 2754 in
1091 2711 1130 2756 eo
1151 2690 1280 2775 quidem
1301 2691 1385 2775 quod
1407 2691 1517 2760 rescri-

390 2791 531 2885 bendum
551 2789 644 2855 duxit
665 2788 721 2854 acl
750 2791 852 2877 μέρος
883 2783 1018 2856 αὐτῶν
1048 2792 1125 2857 τῶν
1152 2786 1291 2857 νώτων
1313 2814 1416 2877 neque
1437 2793 1517 2860 Her·

392 2898 488 2964 chero
510 2917 613 2980 neque
635 2894 716 2960 mihi
736 2896 902 2977 persuasit.
945 2896 1026 2961 Mihi
1049 2898 1135 2963 enim
1160 2898 1213 2963 vix
1233 2898 1359 2964 videtur
1372 2899 1520 2967 ‘Achilles

391 3009 464 3087 post
481 3023 520 3068 ea
540 3021 622 3085 quse
635 3001 866 3083 praecesserint
880 2999 920 3065 de
936 3001 1041 3083 spina,
1061 3002 1171 3068 statim
1186 3002 1321 3070 otiosum
1340 3005 1519 3089 genetivum

390 3111 454 3175 τῶν
479 3100 592 3172 νώτων
613 3105 779 3171 additurus
799 3105 910 3185 inisse,
933 3127 1004 3171 cum
1025 3106 1102 3173 satis
1123 3113 1206 3173 esset
1222 3109 1318 3176 scribi
1338 3108 1396 3174 καὶ
1414 3110 1517 3198 μέρος

391 3209 490 3300 αὐτῆς
511 3215 566 3301 (sc.
591 3217 650 3299 τῆς
673 3209 825 3301 ῥάχεως),
860 3214 898 3274 ut
922 3215 1046 3276 taceam
1067 3232 1108 3275 ne
1129 3215 1215 3278 recte
1236 3212 1365 3296 quidem
1386 3211 1518 3280 caudam

391 3317 510 3382 dictam
529 3314 632 3381 videri
650 3314 736 3379 dorsi
757 3318 891 3396 partem.
934 3313 1017 3392 Quid
1038 3316 1132 3397 plura
1153 3315 1291 3382 addam?
1319 3317 1414 3384 Ultro
1433 3320 1515 3404 cogi-

387 3418 503 3486 tationi
518 3417 671 3494 occurrit,
687 3413 845 3479 Achillem
864 3413 1027 3495 scripsisse
1050 3409 1121 3478 ἀλλ’
1138 3409 1210 3480 ἔστι
1231 3417 1289 3502 τῆς
1308 3413 1435 3506 ῥάχεως
1457 3413 1518 3495 εἷς

391 3518 547 3591 ὀστοῦν
580 3517 757 3605 τελευτὴ
791 3517 860 3583 καὶ
893 3519 1023 3607 μέρος
1055 3521 1134 3584 τῶν
1165 3523 1454 3604 σπονάυλῶν*)
1485 3530 1519 3591 et

395 3620 501 3692 αὐτοῦ
523 3628 596 3708 post
624 3621 726 3710 μέρος
754 3620 959 3688 librariorum
988 3621 1098 3688 deberi
1118 3622 1322 3710 lubidini**),
1353 3633 1390 3692 ut
1409 3649 1519 3694 sensus

460 3810 487 3876 *)
506 3810 681 3864 incantas
699 3809 794 3876 scripsi
817 3810 889 3875 qnod
913 3809 979 3862 haec
1001 3810 1085 3862 torma
1102 3810 1212 3864 Achillis
1230 3814 1307 3866 aetati
1324 3814 1521 3868 convenientior

389 3903 539 3964 videbatur;
561 3901 606 3952 cir.
619 3897 741 3950 lleineke
753 3899 786 3950 ad
797 3897 873 3952 Stob.
884 3897 939 3951 aa.
953 3899 1031 3970 phys.
1043 3899 1061 3953 l.
1073 3916 1099 3967 p.
1116 3899 1174 3966 158,
1188 3902 1231 3966 27,
1244 3903 1329 3968 utqui
1342 3905 1410 3970 apud
1425 3901 1519 3954 Athen.
1601 3945 1605 3954 .

388 4005 413 4056 p.
433 3988 514 4039 lotia
536 3985 647 4037 eandem
669 3984 780 4034 formam
800 3984 957 4050 praetulerit.
1419 4002 1428 4012 “
1448 3998 1453 4009 ·

456 4069 501 4135 **)
521 4069 651 4123 Sescenta
680 4069 707 4121 id
733 4085 817 4136 genus
848 4071 1037 4135 additamenta,
1065 4072 1149 4137 siquis
1173 4071 1225 4124 hoc
1250 4073 1317 4138 agit,
1347 4072 1425 4124 etism
1447 4073 1517 4138 apud

388 4160 520 4215 Achillem
540 4161 658 4213 invenire
677 4159 722 4223 (de
740 4159 880 4211 Plutarcho
900 4160 953 4212 dixi
972 4161 1076 4224 Quaest.
1097 4161 1164 4214 Plut.
1178 4161 1199 4212 ll
1212 4177 1237 4228 p.
1250 4164 1283 4214 46
1297 4177 1336 4228 sq.
1355 4169 1381 4213 et
1399 4146 1515 4214 Sidtenis

387 4246 422 4298 de
437 4243 510 4297 hiatu
526 4259 552 4310 p.
569 4243 630 4305 352)
647 4243 720 4295 nullo
739 4245 847 4309 negotio
866 4246 967 4310 poterit.
1003 4245 1056 4310 lta,
1075 4251 1104 4298 nt
1121 4246 1148 4296 in
1167 4261 1198 4298 ea
1217 4261 1259 4298 nte
1276 4254 1435 4314 nnncpsrte
1453 4261 1517 4300 con·

386 4333 497 4395 tineam,
512 4344 582 4398 quae
595 4330 628 4380 ad
641 4331 798 4396 pronomina
809 4345 946 4396 perperam
959 4330 1061 4382 adiecta
1072 4332 1197 4397 pertinet,
1214 4333 1360 4385 rectissime
1368 4332 1518 4384 llercherus

387 4417 408 4484 1,
429 4418 461 4468 16
479 4418 507 4468 in
524 4416 613 4470 verbis
631 4421 677 4468 καὶ
695 4416 829 4468 ἐπιστᾶσα
851 4418 889 4484 τῷ
906 4418 962 4484 ναῷ
980 4414 1036 4469 κατ’
1057 4412 1152 4484 αὐτήν,
1172 4419 1225 4471 dno
1243 4425 1378 4486 postrema
1397 4420 1430 4472 ad
1449 4435 1516 4470 mar-

386 4505 475 4571 ginem
491 4501 629 4569 relegavit,
646 4504 709 4556 item
729 4519 779 4555 suo
797 4504 854 4556 iure
869 4504 1014 4557 exturbavit
1031 4518 1176 4569 pronomen
1194 4521 1220 4572 p.
1234 4508 1293 4570 134,
1303 4507 1348 4572 ¹⁰5
1367 4523 1393 4574 p.
1409 4509 1468 4574 147,
1486 4507 1517 4572 ὃς

290 4641 295 4648 ,
386 4609 413 4662 ρ.
434 4591 493 4660 tos,
512 4595 542 4658 o;
560 4605 588 4658 p.
608 4595 667 4659 sss,
688 4595 729 4646 ω.
