3534 5392
834 447 1047 512 ..po-

376 612 528 698 πεμπτὸς
562 607 672 701 ἔλεγεν
706 609 796 701 ήκειν
826 608 894 680 δπδ
925 616 986 679 τού
1019 608 1228 696 Ἀνούβιδος,
1267 608 1368 700 ἔρωτι
1400 605 1502 699 αὐτῆς

373 713 562 805 ἡσσημένου
590 721 652 784 τού
681 720 769 784 θεοῦ
795 714 988 796 κελεύοντός
1016 739 1052 782 τε
1082 711 1129 794 ὥς
1149 710 1248 781 αύτδν
1279 713 1403 781 ἐλθεῖν.
1452 717 1504 803 Τῇ

374 817 412 886 δι’
433 812 548 896 εύκτδς
565 813 697 905 δλύγος
718 809 767 905 ήν,
790 816 847 882 καί
867 821 943 896 ταῖς
964 841 1000 883 τε
1022 813 1140 904 φίλαις
1161 813 1444 897 ἐνεκαλλωπίζετο
1462 818 1504 904 τῇ

374 920 432 988 ἐπὶ
448 918 581 999 τούτοις
595 916 733 1000 ἀξιώσει
754 922 814 986 τοῦ
829 915 1026 1004 Ἀνούβιδος
1047 921 1103 988 καὶ
1124 918 1245 1009 φράζει
1268 920 1355 1009 πρὸς
1370 919 1426 986 τδν
1445 912 1502 986 δίν-

375 1027 449 1113 δρα,
473 1023 648 1092 δεῖπνόν
669 1048 715 1090 τε
737 1019 844 1113 αὐτῇ
864 1025 935 1092 καὶ
958 1019 1076 1113 εύνήν
1097 1027 1159 1091 τού
1175 1019 1370 1109 Ἀνούβιδος
1393 1021 1501 1112 εἰσηγ-

375 1127 508 1214 γέλθαι.
541 1128 725 1216 Συνεχιύρει
746 1123 776 1194 δ’
792 1127 924 1208 ἐκεῖνος,
946 1129 1006 1217 τήν
1028 1127 1248 1218 σωφροσύνην
1269 1133 1327 1217 τῆς
1349 1129 1503 1216 γυναικὸς

375 1226 644 1314 ἐξεπιστάμενος.
689 1231 805 1318 Χωρεῖ
823 1222 881 1295 ούν
904 1227 952 1308 εἰς
973 1229 1011 1295 τδ
1033 1231 1186 1312 τέμενος,
1215 1229 1288 1296 καὶ
1321 1227 1474 1317 δειπνή
1487 1271 1503 1282 -

375 1356 500 1413 σασα,
524 1327 571 1411 ὥς
590 1330 697 1400 ύπνου
719 1324 902 1421 καιρδςήν,
934 1333 1223 1400 κλεισθεισῶν
1249 1337 1330 1399 τιδν
1359 1335 1503 1420 θυρῶν

376 1430 455 1502 int
474 1440 549 1502 τού
570 1432 740 1525 ἱερέως,
763 1432 857 1502 ἔνδον
878 1435 913 1502 ἐν
934 1439 983 1523 τῷ
1006 1439 1075 1523 ναῷ
1096 1437 1152 1502 καί
1169 1435 1212 1503 τὰ
1229 1437 1328 1520 λύχνα
1352 1432 1502 1504 ἐκποδών

376 1533 423 1630 ήν,
447 1543 504 1608 καὶ
526 1537 545 1606 δ
568 1543 728 1620 Μοῦνδος
750 1542 1018 1632 (προεκέκρυπτο
1041 1543 1104 1633 γὰρ
1126 1543 1217 1634 τῇδε)
1236 1538 1294 1626 ούχ
1316 1539 1503 1633 ἡμάρτανεν

375 1643 514 1729 turtius
544 1651 611 1712 τῶν
633 1647 720 1734 πρὸς
742 1641 853 1734 αὐτήν,
888 1643 1065 1728 παννύχιόν
1087 1671 1122 1713 τε
1155 1644 1246 1734 αύτῷ
1269 1645 1500 1734 διηκονήσατο,

377 1747 583 1837 ὑπειληφυῖα
602 1751 684 1818 βεδν
701 1745 796 1819 εἶναι.
843 1754 913 1832 Qua
933 1754 968 1842 in
989 1754 1227 1819 narratiuncula
1240 1752 1333 1819 facilc
1349 1773 1505 1836 quemque
1529 1834 1530 1838 Ἰ

376 1879 469 1941 sporo
497 1859 682 1943 agniturum
711 1864 832 1948 quanta
861 1859 905 1924 sit
934 1881 1005 1926 cum
1034 1865 1159 1926 vetusta
1186 1859 1295 1927 sabula
1323 1861 1357 1925 in
1384 1860 1504 1926 relicus

376 1960 556 2026 differentia
577 1964 710 2026 externa
730 1960 843 2026 saltem
865 1959 1053 2038 similitudo,
1076 1962 1112 2026 in
1134 1982 1171 2026 ao
1190 1981 1314 2045 quoquo
1334 1961 1503 2042 conspicua

376 2062 461 2147 quud
482 2063 643 2128 simillimo
673 2061 904 2144 hospitalitatis
932 2083 1047 2148 gonaro
1078 2068 1212 2145 excepta
1240 2063 1336 2129 fuisso
1365 2061 1504 2128 traditur

375 2169 485 2234 fictimi
511 2168 563 2235 dci
582 2166 739 2234 Anubidis
760 2169 937 2252 conviva*).

462 2276 538 2340 Post
553 2274 684 2360 longum
704 2273 932 2346 dcvc1ticulum
947 2268 989 2340 ad
1005 2273 1212 2340 Plutarchum
1229 2273 1426 2340 redeundum
1448 2279 1504 2350 est,

376 2377 461 2470 apud
482 2400 577 2463 quem
598 2384 772 2462 sequuntur
792 2378 908 2445 dehinc
929 2378 1008 2446 haec
1026 2378 1140 2445 verba:
1164 2376 1220 2442 καὶ
1234 2377 1350 2459 μέντοι
1368 2375 1424 2443 καὶ
1445 2375 1503 2442 τδν

376 2483 458 2550 θεὸν
472 2483 612 2564 ἐντυχεῖν
625 2484 755 2572 λέγεται
772 2487 813 2572 τῇ
834 2485 963 2570 γυναικί
984 2483 1040 2550 καὶ
1058 2485 1212 2550 κελεύσαι
1229 2482 1378 2567 βαδίζειν
1394 2484 1503 2550 dodau

357 2587 436 2656 ’ἐπὶ
454 2588 514 2676 τήν
536 2584 663 2678 ἀγορὰν
684 2589 740 2654 καὶ
761 2587 818 2655 τδν
838 2582 1075 2678 ἀπαντήσαντα
1106 2591 1238 2678 πρῶτον
1261 2583 1501 2676 δσπασαμὲνην

378 2699 557 2761 ποιεῖσθαι
580 2691 689 2781 φίλον.
741 2688 945 2781 ’Λπήντηυεν
968 2687 1025 2760 ούν
1052 2689 1137 2792 αὐτῇ
1165 2695 1230 2758 τιύν
1253 2695 1399 2760 πολιτῶν
1422 2687 1502 2781 δνήρ

377 2792 551 2885 ήλικίας
570 2822 613 2863 τε
637 2794 783 2885 πόρρω
807 2795 918 2885 ήκων
939 2797 994 2864 καὶ
1020 2795 1216 2880 συνειλοχιδς
1238 2791 1355 2864 ούοίαν
1377 2797 1501 2885 ἱκανήν,

377 2894 483 2978 δίπαις
505 2899 619 2967 δὲκαὶ
641 2899 810 2983 βεβιωκώς
831 2893 909 2968 δίνευ
930 2901 1083 2988 γυναικὸς
1106 2895 1213 2982 droun
1235 2900 1428 2990 Ταρούτιος
1463 2902 1503 2970 In

375 3006 427 3074 his
447 3005 650 3072 hauddubie
670 3006 784 3071 vitiata
805 3011 879 3071 sunt
908 3001 1025 3095 πόρρω
1049 3004 1136 3094 ἥκων
1157 3008 1318 3092 mirorque
1341 3009 1500 3091 patienter

377 3118 444 3178 tam
465 3111 521 3177 diu
541 3113 694 3196 concoqui
723 3113 863 3194 potuisse
884 3111 1103 3178 foedissimum
1124 3113 1265 3176 omnium
1286 3112 1409 3178 hiatum
1431 3117 1463 3179 ot
1483 3133 1504 3178 a

376 3211 547 3278 Bsnselero
568 3217 602 3278 et
629 3211 794 3278 aSintcni
821 3213 890 3277 viro
919 3212 1062 3297 egregio,
1093 3213 1221 3296 quicum
1250 3214 1350 3278 multo
1378 3214 1503 3296 saepius

378 3313 555 3378 consentire
575 3334 672 3397 quam
693 3312 863 3379 dissentire
885 3313 987 3379 volim.
1039 3313 1084 3378 Ac
1106 3317 1232 3394 poterat
1253 3333 1328 3379 sane
1348 3314 1502 3380 vocalium

378 3435 547 3484 concinnus
561 3415 812 3483 commodissime
827 3417 982 3482 removeri
996 3417 1170 3482 Pausanias
1188 3416 1332 3499 exemplo
1349 3415 1398 3498 (X,
1409 3422 1501 3494 31,9=

377 3519 456 3609 ήδὲ
476 3515 539 3610 ἤδη
562 3525 618 3607 τής
644 3515 775 3607 ήλικίας
802 3519 1017 3609 προήκουσα)
1041 3520 1222 3587 scribendo:
1259 3514 1340 3608 δινήρ
1371 3516 1503 3608 ἡλικίας

378 3643 414 3686 τε
437 3615 602 3709 προήκων,
625 3619 688 3698 vol,
709 3619 795 3703 quod
809 3620 956 3702 inprimis
976 3620 1131 3697 notabile,
1151 3626 1324 3703 praecunte
1343 3620 1416 3702 ipso
1429 3621 1500 3686 Plu-

377 3721 489 3788 tarcho
510 3721 611 3790 Alcih.
636 3725 675 3787 18
697 3721 813 3788 Sertor.
831 3729 867 3788 4:
892 3716 972 3809 ἀνὴρ
993 3715 1106 3810 ήλικίφ
1124 3745 1161 3788 τε
1183 3721 1356 3812 προήκων,·
1378 3724 1413 3788 in
1434 3723 1495 3788 fro·

383 3864 464 3872 .---.-
469 3865 478 3871 ..
500 3865 509 3870 -

448 3945 475 4011 ’l
494 3947 607 3999 Deorum
626 3947 771 4014 pulvinaria
788 3945 859 3997 haud
873 3961 928 3998 raro
941 3947 1061 3999 celandis
1076 3947 1240 4002 lubidinibus
1255 3949 1355 4014 polluta
1369 3965 1438 4017 esse,
1457 3950 1503 4001 εδ-

379 4041 464 4107 positu
489 4039 623 4091 iliensium
642 4042 774 4104 virginum
800 4040 934 4106 exemplo,
959 4047 1019 4092 autc
1043 4044 1148 4107 nuptias
1172 4042 1224 4093 duo
1250 4040 1412 4095 Scamandro
1434 4059 1504 4110 παρ-

379 4133 478 4183 θενίαν
495 4127 674 4192 offerentium,
692 4127 829 4194 explicavit
845 4127 955 4182 Lobcck
971 4129 1102 4195 Aglaoph.
1114 4145 1139 4194 p.
1152 4131 1202 4182 610
1216 4129 1276 4184 coll.
1287 4130 1410 4184 leschin.
1422 4131 1470 4197 Ep.
1482 4130 1505 4182 Χ

379 4232 405 4284 p.
418 4216 477 4269 681.
505 4216 590 4279 Atque
608 4216 666 4279 ipsc
683 4214 852 4280 Plutarchus,
872 4218 949 4268 cuius
967 4217 1045 4274 gratia
1063 4217 1129 4268 hacc
1148 4223 1219 4267 extru
1233 4231 1340 4269 causam
1360 4219 1503 4271 admonere

379 4301 492 4368 placuit,
511 4299 642 4351 eiusmodi
660 4300 722 4364 quid
739 4301 859 4353 innuisse
875 4303 979 4353 videtur
997 4300 1088 4370 Symp.
1102 4316 1126 4365 p.
1142 4302 1221 4353 6820.
1260 4299 1310 4354 cn.
1325 4302 1504 4364 Friedltndcm

379 4389 581 4454 Durstcllungun
599 4403 622 4438 a
641 4389 666 4440 δ.
686 4386 925 4454 Sitteogeschichte
944 4389 1026 4440 Roms
1043 4404 1069 4453 p.
1088 4389 1146 4441 295.
1172 4389 1333 4455 Msrquardt‚
1355 4391 1504 4445 Hundbuch

380 4477 489 4531 citu.
505 4476 550 4542 lv,
564 4479 606 4529 st.
643 4478 748 4544 Pallor,
767 4473 938 4548 Romityu.
952 4495 976 4543 p.
991 4478 1049 4530 tlt.
1083 4477 1115 4529 Et
1133 4481 1192 4543 quis
1211 4475 1312 4544 ignorat
1330 4481 1393 4545 quid
1409 4479 1505 4531 Veneri

380 4567 514 4620 meitelis
534 4567 610 4620 (laidi
627 4569 770 4621 acciderit?
863 4598 865 4601 -
