3534 5392
703 451 914 520 ...01-

243 619 264 684 t
289 633 316 688 e.
340 617 427 705 ζῷον
447 617 664 703 perlucentem
691 635 733 686 ex
762 619 900 686 absurdo
930 635 1039 687 eruore
1073 617 1270 694 ῬΟΩΙΟΝ,
1301 631 1375 682 uam

175 809 184 818 .
243 725 434 810 praesertim
453 725 592 808 plectite
610 729 695 790 esset
708 732 908 808 praevertere
931 724 972 792 ad
986 725 1145 808 posterim
1165 721 1373 789 vocabulum?

334 827 374 893 ln
393 829 504 895 eadem
524 829 711 914 quaestione
733 845 763 912 p.
782 835 875 899 6360
902 847 967 896 non
993 829 1084 896 video
1112 825 1269 914 quomodo
1291 830 1376 891 recte

166 951 173 960 ·
247 929 319 1014 quis
341 919 433 994 dieta
446 926 534 995 caedi
557 929 781 1012 possisnam
813 921 860 1007 ώς
883 926 999 1015 κάμπη
1023 927 1148 1016 γίνεται
1171 926 1209 994 ed
1234 929 1377 1016 πρῶτον,

246 1024 318 1100 εἶτα
347 1031 530 1120 ἐκπαγεῖσα
560 1034 618 1102 διὰ
648 1030 815 1125 ξηρότητα
846 1034 902 1101 καὶ
939 1037 1194 1125 περιρραγεῖσα,
1227 1029 1376 1118 ἕτερον

246 1136 473 1226 πτερωθὲν
500 1133 544 1206 δι’
567 1133 670 1226 αὐτῆς
693 1135 754 1226 τήν
775 1139 982 1226 καλουμένην
1004 1135 1111 1230 ψυχὴν
1134 1135 1291 1223 μεθίησι,
1317 1134 1373 1200 τὸν

246 1235 348 1307 αὐτὸν
383 1237 512 1331 τρόπον
551 1241 699 1308 ἐνταῦθα
737 1240 990 1330 προϋφίσταται
1027 1237 1065 1306 τὸ
1094 1234 1176 1326 ᾠὸν,
1213 1228 1283 1304 οἷον
1315 1234 1375 1325 ὕλη

242 1351 302 1434 τῆς
330 1348 503 1435 γενέσεως,
534 1363 727 1435 quamquam
755 1347 840 1433 qnod
869 1341 1135 1432 wyttenbachius
1169 1363 1227 1427 pro
1263 1341 1376 1432 ἕτερον

245 1452 411 1535 proposuit
430 1447 572 1538 ἕντομον
592 1451 645 1520 tel
675 1446 807 1539 ἔντερον
828 1449 976 1536 equidem
1004 1467 1069 1516 non
1097 1447 1201 1514 mium
1229 1463 1375 1530 perrenae
1428 1475 1430 1480 ·

245 1556 366 1624 mamm
390 1557 540 1628 arbiter.
591 1555 855 1624 Emendehonem
883 1551 971 1622 louis
997 1554 1101 1638 poscit
1129 1551 1375 1638 haudquaquam

244 1651 421 1728 nmmum:
439 1657 604 1751 »ἕτερόν
631 1679 673 1728 re
702 1661 888 1750 πτεροθέν.
946 1655 984 1724 In
1012 1657 1119 1725 codice
1148 1656 1280 1741 perinde
1309 1677 1376 1723 esse

248 1757 336 1833 sides
355 1766 644 1833 carnutensem
666 1770 705 1830 Π
716 1782 758 1832 an
778 1769 841 1842 TI,
864 1769 902 1830 ut
919 1759 998 1831 alias
1020 1764 1131 1832 eadem
1152 1762 1305 1828 facilitate
1330 1761 1378 1822 ΤΙ

248 1872 361 1933 natum
382 1873 432 1934 est
450 1889 492 1934 ex
507 1871 543 1930 H
559 1867 627 1954 (cfr.
642 1865 742 1933 Cobet
757 1865 821 1932 NL.
835 1885 866 1949 p.
881 1865 968 1953 387)
990 1864 1057 1932 Nec
1074 1864 1192 1932 desunt
1212 1864 1274 1930 loci
1289 1860 1375 1946 apud

246 1971 453 2038 Plutarchum
473 1971 530 2039 abi
549 1972 665 2038 similis
685 1971 844 2039 medicina
862 1969 1048 2038 adhibenda
1068 1974 1123 2037 est
1251 1997 1258 2011 ·

333 2074 465 2159 θεωρίαν
483 2075 608 2141 nicam
629 2080 678 2142 est
697 2079 731 2142 et
751 2096 772 2141 a
791 2095 844 2140 mu
863 2079 899 2142 et
919 2073 961 2141 ab
982 2073 1054 2140 aliis
1071 2072 1235 2140 Plutarchi
1257 2072 1373 2138 oratio·

197 2250 200 2255 ,
245 2195 327 2261 num,
347 2181 496 2264 inprimis
514 2180 709 2247 invitarem
729 2197 835 2264 opera
855 2200 919 2248 non
935 2180 1046 2264 paucis
1065 2179 1241 2254 scribarum
1257 2177 1373 2246 emble·

245 2287 340 2354 matis
360 2288 560 2372 inquinatam
581 2307 664 2367 esse,
685 2286 802 2380 (binde
820 2300 882 2370 per
903 2308 1045 2354 errorem
1064 2288 1100 2352 in
1120 2287 1226 2371 ipsum
1245 2290 1372 2354 coam·
1498 2363 1501 2370 ,

246 2397 315 2458 tum
335 2394 480 2477 receptis.
515 2391 665 2459 ‹Adtendi
686 2398 794 2460 autem
815 2392 911 2459 velim
931 2394 965 2458 in
983 2400 1047 2459 u'no
1065 2393 1205 2460 alterove
1222 2391 1374 2476 exemplo,

245 2513 342 2586 qnam
362 2500 552 2568 summor
581 2516 677 2584 saepe
707 2501 787 2567 talia
808 2499 1027 2568 additamenta
1055 2497 1217 2584 adscripta
1246 2499 1373 2578 nerine

245 2619 404 2691 quamque
418 2599 652 2673 inconsiderate
669 2603 784 2673 deinde
799 2606 834 2670 in
845 2605 1029 2672 continuam
1049 2605 1224 2670 orationem
1242 2605 1373 2669 intrusa.

244 2706 443 2793 Quamquam
463 2709 551 2774 illius
568 2709 826 2792 interpolationis
846 2731 945 2794 genus
967 2707 1053 2796 quod
1074 2709 1255 2774 continetur
1270 2708 1374 2775 verbis

246 2809 289 2874 ad
308 2807 500 2890 explendam
521 2808 697 2875 orationem
722 2808 875 2893 adpictia
905 2811 940 2875 in
967 2809 1040 2876 aliis
1068 2809 1291 2894 scriptoribus,
1320 2810 1375 2895 qui

246 2912 373 2994 caepim
395 2917 432 2978 et
452 2912 516 2998 legi
546 2917 579 2981 et
595 2911 736 2980 describi
766 2913 924 2992 solebant,
954 2913 1063 2980 multis
1089 2915 1235 2998 partibus
1256 2920 1290 2980 et
1310 2913 1371 2980 irc·

244 3017 395 3101 quentiae
414 3022 448 3084 et
468 3016 620 3084 audacius
641 3022 691 3084 cet
708 3038 805 3103 quam
825 3018 912 3102 apud
934 3017 1148 3084 Plutarchum.

330 3119 369 3186 In
389 3119 495 3206 Symp.
516 3119 564 3200 ΙΙ,
587 3126 616 3200 5,
646 3129 658 3189 l
681 3138 712 3205 p.
739 3127 801 3190 639
814 3122 850 3202 b,
880 3122 939 3188 ubi
966 3123 1100 3207 inquirit
1122 3143 1178 3188 cur
1199 3123 1284 3189 inter
1306 3145 1371 3190 oer-

247 3225 369 3292 tamina
387 3225 567 3312 pugilatum
582 3247 707 3310 semper
721 3227 826 3310 primo
842 3214 924 3306 loco,
946 3228 1091 3311 proximo
1108 3228 1240 3306 luctam,
1261 3228 1373 3297 ultimo

242 3351 368 3397 cursum
392 3331 535 3414 posuerit
555 3331 725 3410 Homerus,
754 3331 950 3398 Menecrates
981 3328 1187 3398 mirabundus
1216 3331 1372 3401 exclamat

242 3422 471 3518 ώἩράνλεις
493 3427 557 3497 ὅσα
579 3427 744 3496 λανθάνοι
767 3425 871 3516 ἡμᾶς·
896 3427 925 3496 ei
948 3431 984 3498 δέ
1006 3454 1080 3498 τινα
1102 3433 1167 3498 τών
1188 3429 1280 3498 suec
1302 3427 1374 3498 ἐστί

242 3557 300 3601 σοι
320 3534 483 3626 πρόχειρα
512 3530 695 3623 γνώμης,
729 3533 776 3622 μὴ
804 3531 982 3625 φθονήσῃς
1011 3530 1209 3626 ἀναμνῆσαι.
1253 3536 1292 3602 In
1321 3537 1372 3604 his

243 3652 305 3720 pro
329 3633 469 3724 γνώμης,
492 3638 579 3723 quod
596 3637 793 3705 nullomodo
808 3638 937 3706 relicuis
961 3639 1067 3706 verbis
1089 3639 1236 3723 adaptari
1257 3635 1370 3724 potest

245 3731 510 3825 wyttenbachius
530 3741 744 3810 infelicissime
772 3742 990 3826 reponendum
1011 3745 1134 3811 censuit
1154 3741 1286 3834 μνήμῃ,
1310 3745 1373 3826 alii,

244 3836 488 3926 utDuebnerns
509 3843 649 3934 γνώμης,
665 3870 738 3913 cum
750 3849 785 3914 in
801 3848 908 3916 codice
925 3850 1078 3929 Palatino,
1098 3849 1203 3916 nescio
1220 3851 1372 3935 σινοίατο,

245 3951 395 4017 omissum
407 3971 475 4018 esse
489 3951 722 4034 perhiberetur,
742 3955 831 4020 ands
848 3960 1023 4039 sepserunt
1046 3955 1190 4022 Aliorum
1205 3958 1371 4025 mnamina

153 4073 160 4083 ·
244 4054 364 4121 referre
377 4055 466 4135 nolo,
483 4077 555 4121 cum
568 4056 693 4123 facilior
704 4079 743 4148 se·
752 4058 866 4126 offerat
879 4065 912 4126 et
928 4061 1105 4130 certissima
1120 4061 1160 4128 ad
1175 4064 1369 4146 persuaden-

243 4157 322 4223 dum
343 4157 534 4225 emendandi
554 4159 620 4239 ria,
648 4166 896 4242 necabamus,
917 4163 1060 4232 codicum
1079 4166 1248 4233 lectionem
1270 4174 1371 4236 ortam

246 4270 313 4324 esse
323 4272 367 4325 ‘err
379 4258 528 4326 lemmate
544 4258 665 4348 γνώμη,
689 4262 774 4347 quod
790 4265 914 4332 scribae
934 4266 1116 4350 saepissime
1138 4265 1180 4334 ad
1195 4289 1283 4335 oram
1296 4269 1370 4338 libri

246 4362 418 4451 adpingere
431 4365 582 4445 solebant,
603 4366 660 4433 ubi
673 4367 709 4432 in
723 4373 873 4436 contextu
891 4371 941 4438 vel
955 4371 1079 4458 insigne
1100 4372 1228 4458 aliquod
1251 4371 1378 4444 dictum,
1447 4423 1448 4426 κ

246 4471 445 4553 moderebat,
473 4478 511 4538 ut
527 4477 640 4540 hesim
661 4474 732 4540 loco
755 4466 782 4540 ώ
803 4469 980 4564 Ἡράκλεις
1003 4474 1066 4542 ὅσα
1089 4476 1250 4544 λανθάνει
1274 4475 1371 4566 ἡμᾶς,

245 4575 295 4644 sol
314 4576 369 4644 ubi
389 4577 501 4646 tritam
521 4575 572 4646 rel
589 4577 744 4646 eximiam
760 4579 903 4664 aliquem
917 4581 1112 4650 ammutium
1133 4579 1275 4666 meslino
1290 4579 1369 4646 lm·
