3534 5392
772 481 985 544 ...71-

308 638 447 718 faciunt,
475 643 591 726 quibus
620 645 790 712 tamenin
820 651 888 712 tam
915 647 1043 714 infinita
1072 649 1275 717 coniectandi
1305 652 1441 719 materia

310 745 388 828 quid
410 747 511 812 tutius
530 748 671 831 suppleri
693 750 794 832 possit
815 750 972 836 adsequor
990 752 1081 820 nihil.
1124 753 1194 819 Hoc
1214 775 1312 819 unum
1333 753 1368 818 in
1388 755 1440 821 his

311 849 451 916 tenebris
472 848 606 932 dispicio
627 853 802 920 rectissime
822 874 881 936 pro
900 853 1044 920 codicum
1059 854 1195 922 lectione
1219 852 1289 920 cdv
1310 853 1439 938 μένον

309 957 455 1023 relictum
475 958 576 1025 videri
595 960 652 1026 τὸν
674 953 760 1040 deor,
792 963 881 1028 cuius
902 965 1096 1031 mentionem
1116 965 1189 1031 fieri
1217 965 1362 1031 debuisse
1380 961 1435 1028 ad·

308 1081 474 1128 monemur
491 1064 650 1146 prioribus
664 1065 720 1132 καὶ
742 1061 823 1144 ἴσως
844 1062 911 1147 diget
933 1063 1041 1152 λόγον,
1064 1060 1111 1144 ὡς
1129 1065 1168 1154 dr}
1183 1068 1242 1131 τὸν
1259 1059 1335 1132 ὄνον
1353 1058 1436 1130 ἄνα-

309 1163 460 1254 φὴναντα
483 1165 589 1255 πηγὴν
610 1162 724 1247 αὐτοῖς
755 1164 877 1247 ὕδατος
907 1172 1098 1255 τιμῶσιν’),
1127 1168 1214 1236 οὕτω
1242 1169 1299 1236 καὶ
1320 1167 1377 1257 νῆν
1396 1157 1434 1234 ὗν

307 1269 471 1353 σέβεσθαι
495 1268 626 1360 σπόρου
648 1273 704 1339 καὶ
726 1267 849 1362 ἀρότου
872 1271 1076 1340 διδάσκαλον
1099 1275 1285 1363 γενομένην,
1304 1273 1434 1358 utquid
1526 1348 1530 1353 ⁴

308 1373 369 1438 sibi
390 1373 527 1439 voluerit
538 1374 725 1442 Benselerus
748 1375 788 1440 de
801 1375 894 1441 hiatu
913 1397 943 1458 p.
962 1383 1024 1443 490
1042 1398 1086 1459 sq.
1109 1398 1232 1442 murem
1245 1375 1299 1440 hic
1317 1375 1431 1442 substi-

306 1483 400 1543 tuens
421 1479 525 1558 asino,
544 1479 673 1545 omnino
694 1501 759 1545 non
781 1481 966 1564 excogitem.
975 1482 1022 1564 **)
1067 1479 1225 1545 Nimirum
1246 1478 1331 1564 quod
1351 1477 1434 1543 dixit

308 1602 341 1646 se
361 1602 465 1664 neque
479 1581 623 1648 ‘colorem
637 1583 755 1664 leporis
769 1604 872 1666 neque
895 1582 1058 1647 oculorum
1078 1581 1215 1647 nitorem
1238 1601 1298 1646 nec
1318 1579 1433 1644 salsam

307 1687 456 1747 naturam
476 1683 511 1747 in
530 1684 627 1750 asinis
648 1684 790 1768 reperire
811 1685 959 1767 potuisse,
975 1683 1009 1749 id
1030 1705 1127 1769 quam
1147 1690 1267 1750 temere
1279 1683 1432 1749 iactatum

307 1790 401 1864 esset,
438 1784 622 1871 diligentior
653 1787 880 1872 pervestigatio
914 1789 1006 1855 facile
1051 1790 1270 1855 demonstrare
1298 1792 1431 1870 poterat

307 1890 390 1956 Nam
421 1897 458 1957 ut
486 1898 609 1958 taceam
640 1893 746 1960 oculos
776 1894 811 1958 in
829 1899 974 1978 ¹utroque
996 1895 1126 1960 animali
1154 1895 1309 1961 consimili
1338 1893 1432 1958 modo

308 1998 526 2076 conformatos,
545 1998 584 2064 de
598 2000 722 2069 asinino
745 2001 848 2066 colore
860 2000 996 2083 leporis,
1018 2001 1236 2066 cuniculorum
1256 2004 1342 2066 certe
1360 2019 1429 2081 spe·

307 2101 383 2180 ciei,
412 2103 468 2186 qui
488 2102 632 2170 molliore
655 2109 727 2168 sunt
749 2105 876 2187 capillo,
899 2104 1031 2187 perinde
1055 2109 1181 2170 constat
1200 2109 1297 2187 atque
1318 2103 1359 2170 de
1381 2125 1428 2169 sa-

304 2204 434 2270 lacitate
457 2205 537 2283 eius,
557 2203 640 2271 unde
661 2205 786 2290 μύκλος
807 2206 887 2273 adeo
909 2207 1022 2292 Pythio
1044 2207 1196 2273 vocabulo
1222 2205 1308 2288 apud
1329 2206 1428 2290 Hesy-

305 2304 412 2370 chium
436 2306 679 2390 ¹cognominatus
710 2313 758 2372 est
785 2309 932 2394 (Lobeck
956 2308 1110 2394 Aglaoph.
1130 2329 1159 2391 p.
1184 2312 1267 2392 849)
1290 2309 1430 2392 itemque

304 2409 471 2476 lasciviens
493 2412 560 2476 eius
582 2412 721 2496 genitale
744 2414 862 2479 coitum
877 2415 1040 2480 stimulare
1056 2412 1212 2480 creditum
1227 2413 1323 2479 fuisse
1337 2415 1430 2480 testis

303 2521 352 2582 est
372 2515 493 2582 Plinius
519 2516 549 2581 h.
569 2539 599 2581 n
622 2517 779 2597 XXVIII,
806 2525 859 2597 19,
883 2524 953 2586 261.
998 2518 1119 2584 Verum
1148 2520 1227 2583 haec
1245 2519 1428 2584 adcuratius

304 2643 388 2686 nunc
404 2622 566 2706 exagitare
586 2621 717 2707 longum
730 2628 786 2702 est,
807 2645 879 2688 cum
896 2623 1085 2705 praesertim
1098 2622 1334 2699 consectarium,
1354 2621 1430 2686 licet

301 2727 406 2809 ipsum
426 2725 539 2792 leviter
560 2730 759 2808 corruptum,
789 2720 875 2791 ὥστε
903 2724 1005 2810 μηδὲν
1037 2723 1124 2790 orico
1146 2725 1231 2810 μηδὲ
1253 2723 1350 2808 (quod
1372 2723 1425 2789 de·

301 2831 431 2896 lendum
450 2830 589 2909 videtin,
609 2832 671 2896 nisi
694 2831 811 2914 corrigi
830 2835 974 2913 praestat
1000 2825 1086 2896 ὥστε
1108 2829 1194 2916 μηδὲ
1216 2825 1302 2894 οὕτω
1325 2823 1464 2914 μηδὲν*

301 2936 385 3014 κτλ.)
407 2933 525 3024 μικρὸν
546 2933 679 3022 μεγάλῳ
701 2934 760 3022 τὴν
781 2934 917 3025 μορφὴν
940 2932 1059 3020 ὅμοιον
1083 2935 1252 3022 γεγονέναι
1274 2936 1338 3002 dici
1361 2957 1425 3001 non

302 3039 442 3123 potuisse
463 3040 503 3106 de
524 3063 613 3106 mure
636 3045 669 3106 et
688 3040 796 3123 lepore
819 3041 1106 3122 exploratissimum
1127 3041 1177 3104 sit.
1211 3039 1322 3122 Neque
1343 3038 1427 3123 quod

301 3144 488 3210 Benselerus
504 3145 538 3208 in
553 3145 706 3226 proximis
725 3145 759 3208 in
775 3144 843 3208 loco
865 3145 1001 3226 pessime
1016 3143 1127 3208 vitiato
1150 3140 1167 3203 ι’)
1192 3141 1267 3230 γὰρ
1290 3143 1428 3228 λαγῶς

301 3249 513 3334 μεγέθους
528 3239 1362 3333 ἐόικεκαὶτάχουςένδεινοῖςεἶναιαὶοέ)
1378 3249 1425 3313 lu·

301 3352 398 3418 debat
414 3347 431 3416 ὁ
448 3351 510 3439 γὰρ
527 3350 656 3434 λαγωός
675 3353 842 3435 μεγέθους
863 3345 953 3415 ἔοικε
974 3350 1030 3415 καὶ
1044 3346 1163 3430 τάχους
1185 3345 1225 3413 ἐν
1244 3344 1429 3427 ἐκείνοις

305 3543 512 3555 ...ι-*-

368 3635 394 3702 *)
414 3634 466 3688 Glr.
490 3635 594 3702 loseph.
621 3649 643 3686 e.
664 3635 757 3700 Apion.
777 3633 815 3699 11,
836 3636 946 3698 7,9e1
971 3649 1038 3700 quae
1062 3639 1195 3700 practerea
1213 3632 1328 3697 conlegit
1350 3632 1427 3682 docta

300 3728 434 3796 diligentia
451 3727 549 3778 wioni
568 3727 593 3778 in
612 3725 680 3779 Hibl.
700 3725 772 3777 Rcel.
793 3725 853 3778 Lex.
874 3731 899 3777 et
920 3725 1024 3777 Mavors
1041 3725 1144 3777 Phoen.
1162 3723 1184 3789 1,
1202 3724 1261 3775 297.
1299 3722 1326 3773 tn
1343 3728 1426 3774 trans-

302 3838 380 3874 cursu
406 3835 502 3872 moneo
529 3820 563 3870 de
584 3818 717 3870 asinorum
735 3819 761 3869 in
782 3819 873 3872 ritibus
898 3819 1017 3887 mysticis
1034 3833 1085 3870 usu
1112 3819 1222 3869 conferri
1248 3833 1330 3882 posse
1348 3818 1425 3867 etiam

301 3905 466 3956 ammianum
496 3901 610 3954 Marcell.
638 3900 723 3963 XXX,
753 3903 768 3952 5
794 3917 820 3968 p.
846 3903 897 3953 228
929 3902 1000 3968 Βία,
1032 3903 1076 3967 qni
1112 3901 1188 3952 locus
1218 3901 1330 3951 sonasse
1360 3901 1427 3965 fugit

301 3991 335 4045 ll.
351 3991 491 4056 Hauptium
513 3991 539 4040 in
558 3989 646 4040 indice
662 3989 734 4042 Lcct.
753 3989 828 4044 Univ.
849 3989 918 4043 l’rid.
943 3990 1009 4044 Guil.
1030 3991 1105 4054 1863,
1124 3990 1170 4042 ubi
1189 3990 1223 4039 de
1241 3990 1428 4054 superstitione

300 4083 426 4140 veterum,
446 4091 498 4142 qua
508 4077 611 4128 asinum
631 4073 765 4128 rudentem
780 4077 931 4129 ominosum
945 4077 1097 4139 credebant,
1119 4076 1262 4128 adnotavit.
1288 4075 1325 4127 Dc
1337 4075 1427 4141 lepore

299 4166 404 4219 ludaeis
429 4167 567 4218 interdicto
593 4165 744 4218 Eustathius
771 4167 804 4217 ad
829 4167 908 4236 stylit.
933 4166 1115 4218 Thessalonic.
1142 4181 1166 4232 p.
1189 4167 1253 4230 192,
1273 4167 1303 4217 41
1330 4164 1425 4230 (Talei)

298 4252 424 4318 praecipit
442 4245 492 4318 τήν
510 4269 538 4304 τε
557 4245 717 4320 ἀδιάφορον
734 4252 912 4320 λαγνείαν
934 4246 1069 4321 φεύγειν,
1088 4246 1106 4316 ἥ
1125 4269 1163 4309 τις
1180 4251 1218 4316 τῷ
1235 4244 1349 4316 τοιούτῳ
1367 4244 1425 4316 ζῴῳ

300 4344 401 4406 βαθεῖα
421 4338 548 4406 ἔγκειται,
568 4352 634 4403 quae
651 4338 723 4390 unde
738 4340 913 4404 provenerint,
933 4338 1078 4389 diiudicare
1099 4338 1169 4390 nolo.

368 4424 412 4492 **)
434 4427 569 4493 Perspenit
592 4427 644 4479 hoc
670 4429 748 4479 etiam
766 4427 796 4480 R.
816 4427 919 4478 Franks
940 4428 966 4479 in
985 4427 1094 4480 Miscell.
1122 4429 1176 4480 crit.
1195 4429 1230 4479 ad
1248 4426 1339 4496 Symp.
1359 4425 1425 4478 Plut.

299 4528 324 4579 p.
344 4515 412 4578 410,
434 4515 477 4579 qui
497 4514 524 4564 in
541 4514 665 4578 proximis
684 4513 755 4566 haud
776 4515 864 4580 inepte
881 4514 1024 4580 legendum
1042 4516 1205 4581 proponebat
1225 4511 1272 4567 dul
1290 4511 1340 4578 τὴν
1356 4510 1426 4584 πρὸς

300 4596 348 4654 τὸν
369 4593 455 4668 [droa
472 4595 555 4670 τιμιό]
573 4618 661 4669 μενον
680 4597 725 4655 ὑπ’
745 4598 836 4655 αὐτῶν
853 4600 997 4671 prodidero
1016 4607 1136 4677 θηρίων,
1155 4603 1318 4677 ἐμφέρειαν.
