<?xml version="1.0" encoding="UTF-8"?>
<!DOCTYPE html PUBLIC "-//W3C//DTD XHTML 1.0 Transitional//EN"
    "http://www.w3.org/TR/xhtml1/DTD/xhtml1-transitional.dtd">
<html xmlns="http://www.w3.org/1999/xhtml" xml:lang="en" lang="en">
 <head>
  <title>
</title>
<meta http-equiv="Content-Type" content="text/html;charset=utf-8" />
  <meta name='ocr-system' content='tesseract 3.04.00' />
  <meta name='ocr-capabilities' content='ocr_page ocr_carea ocr_par ocr_line ocrx_word'/>
</head>
<body>
  <div class='ocr_page' id='page_1' title='image "./vindiciarumplut01doehgoog_0065.png"; bbox 0 0 3534 5392; ppageno 0'>
   <div class='ocr_carea' id='block_1_1' title="bbox 737 457 952 533">
    <p class='ocr_par' dir='ltr' id='par_1_1' title="bbox 737 457 952 533">
     <span class='ocr_line' id='line_1_1' title="bbox 737 457 952 533; baseline 0.033 -7"><span class='ocrx_word' id='word_1_1' title='bbox 737 457 952 533; x_wconf 47' lang='lat'>⁹67-</span> 
     </span>
    </p>
   </div>
   <div class='ocr_carea' id='block_1_2' title="bbox 279 626 1418 4563">
    <p class='ocr_par' dir='ltr' id='par_1_2' title="bbox 287 626 1418 1559">
     <span class='ocr_line' id='line_1_2' title="bbox 288 626 1416 723; baseline 0.014 -29"><span class='ocrx_word' id='word_1_2' title='bbox 288 626 394 694; x_wconf 82' lang='lat' dir='ltr'>adhuc</span> <span class='ocrx_word' id='word_1_3' title='bbox 413 627 450 694; x_wconf 91' lang='lat' dir='ltr'>in</span> <span class='ocrx_word' id='word_1_4' title='bbox 468 632 609 714; x_wconf 88' lang='lat' dir='ltr'>corporis</span> <span class='ocrx_word' id='word_1_5' title='bbox 630 637 794 702; x_wconf 83' lang='lat' dir='ltr'>venustate</span> <span class='ocrx_word' id='word_1_6' title='bbox 816 639 912 720; x_wconf 87' lang='lat' dir='ltr'>atque</span> <span class='ocrx_word' id='word_1_7' title='bbox 934 635 1172 720; x_wconf 81' lang='lat' dir='ltr'>pulchritudine</span> <span class='ocrx_word' id='word_1_8' title='bbox 1193 639 1416 723; x_wconf 80' lang='lat' dir='ltr'>conspiciende</span> 
     </span>
     <span class='ocr_line' id='line_1_3' title="bbox 288 736 1414 827; baseline 0.012 -28"><span class='ocrx_word' id='word_1_9' title='bbox 288 736 488 818; x_wconf 85' lang='lat' dir='ltr'>acquiescere</span> <span class='ocrx_word' id='word_1_10' title='bbox 505 739 693 820; x_wconf 80' lang='lat' dir='ltr'>adsuenmt,</span> <span class='ocrx_word' id='word_1_11' title='bbox 714 741 841 824; x_wconf 91' lang='lat' dir='ltr'>quando</span> <span class='ocrx_word' id='word_1_12' title='bbox 862 741 1054 810; x_wconf 87' lang='lat' dir='ltr'>adscendero</span> <span class='ocrx_word' id='word_1_13' title='bbox 1072 743 1205 827; x_wconf 86' lang='lat' dir='ltr'>cupiunt</span> <span class='ocrx_word' id='word_1_14' title='bbox 1224 744 1266 812; x_wconf 88' lang='lat' dir='ltr'>ad</span> <span class='ocrx_word' id='word_1_15' title='bbox 1280 745 1414 813; x_wconf 85' lang='lat' dir='ltr'>divinio-</span> 
     </span>
     <span class='ocr_line' id='line_1_4' title="bbox 287 845 1415 924; baseline 0.007 -18"><span class='ocrx_word' id='word_1_16' title='bbox 287 862 357 907; x_wconf 86' lang='lat' dir='ltr'>rem</span> <span class='ocrx_word' id='word_1_17' title='bbox 378 864 530 924; x_wconf 82' lang='lat' dir='ltr'>amorem‚</span> <span class='ocrx_word' id='word_1_18' title='bbox 559 845 643 914; x_wconf 91' lang='lat' dir='ltr'>unde</span> <span class='ocrx_word' id='word_1_19' title='bbox 667 847 818 914; x_wconf 86' lang='lat' dir='ltr'>virtutem</span> <span class='ocrx_word' id='word_1_20' title='bbox 843 851 876 913; x_wconf 86' lang='lat' dir='ltr'>et</span> <span class='ocrx_word' id='word_1_21' title='bbox 898 847 1053 914; x_wconf 90' lang='lat' dir='ltr'>bonorum</span> <span class='ocrx_word' id='word_1_22' title='bbox 1074 869 1255 916; x_wconf 84' lang='lat' dir='ltr'>sermonum</span> <span class='ocrx_word' id='word_1_23' title='bbox 1276 848 1415 914; x_wconf 87' lang='lat' dir='ltr'>fructum</span> 
     </span>
     <span class='ocr_line' id='line_1_5' title="bbox 289 946 1417 1038; baseline 0.005 -26"><span class='ocrx_word' id='word_1_24' title='bbox 289 946 352 1013; x_wconf 91' lang='lat' dir='ltr'>sibi</span> <span class='ocrx_word' id='word_1_25' title='bbox 368 969 476 1015; x_wconf 86' lang='lat' dir='ltr'>creare</span> <span class='ocrx_word' id='word_1_26' title='bbox 495 956 622 1034; x_wconf 79' lang='lat' dir='ltr'>queant,</span> <span class='ocrx_word' id='word_1_27' title='bbox 643 972 684 1016; x_wconf 90' lang='lat' dir='ltr'>ne</span> <span class='ocrx_word' id='word_1_28' title='bbox 699 951 918 1034; x_wconf 80' lang='lat' dir='ltr'>voluptuariae</span> <span class='ocrx_word' id='word_1_29' title='bbox 939 950 1043 1018; x_wconf 91' lang='lat' dir='ltr'>denuo</span> <span class='ocrx_word' id='word_1_30' title='bbox 1063 951 1249 1035; x_wconf 83' lang='lat' dir='ltr'>inrumpant</span> <span class='ocrx_word' id='word_1_31' title='bbox 1262 951 1417 1038; x_wconf 82' lang='lat' dir='ltr'>imagines</span> 
     </span>
     <span class='ocr_line' id='line_1_6' title="bbox 287 1053 1416 1142; baseline 0.007 -26"><span class='ocrx_word' id='word_1_32' title='bbox 287 1053 482 1118; x_wconf 72' lang='grc' dir='ltr'><strong><em>λιόονοκλιοια</em></strong></span> <span class='ocrx_word' id='word_1_33' title='bbox 509 1054 602 1138; x_wconf 86' lang='lat' dir='ltr'>quasi</span> <span class='ocrx_word' id='word_1_34' title='bbox 628 1059 736 1134; x_wconf 76' lang='grc' dir='ltr'><strong><em>οοιιλίι,</em></strong></span> <span class='ocrx_word' id='word_1_35' title='bbox 765 1056 883 1139; x_wconf 92' lang='lat' dir='ltr'>quippe</span> <span class='ocrx_word' id='word_1_36' title='bbox 912 1077 1047 1124; x_wconf 86' lang='lat' dir='ltr'>venereo</span> <span class='ocrx_word' id='word_1_37' title='bbox 1076 1077 1186 1124; x_wconf 89' lang='lat' dir='ltr'>eorum</span> <span class='ocrx_word' id='word_1_38' title='bbox 1206 1079 1285 1142; x_wconf 92' lang='lat' dir='ltr'>quos</span> <span class='ocrx_word' id='word_1_39' title='bbox 1307 1060 1416 1124; x_wconf 88' lang='lat' dir='ltr'>amant</span> 
     </span>
     <span class='ocr_line' id='line_1_7' title="bbox 289 1156 1412 1243; baseline 0.007 -21"><span class='ocrx_word' id='word_1_40' title='bbox 289 1156 442 1240; x_wconf 86' lang='lat' dir='ltr'>adspectu</span> <span class='ocrx_word' id='word_1_41' title='bbox 462 1159 656 1243; x_wconf 81' lang='lat' dir='ltr'>depravatis,</span> <span class='ocrx_word' id='word_1_42' title='bbox 680 1161 838 1228; x_wconf 89' lang='lat' dir='ltr'>sanctiore</span> <span class='ocrx_word' id='word_1_43' title='bbox 859 1160 1006 1229; x_wconf 83' lang='lat' dir='ltr'>adhibito</span> <span class='ocrx_word' id='word_1_44' title='bbox 1025 1183 1132 1230; x_wconf 89' lang='lat' dir='ltr'>amore</span> <span class='ocrx_word' id='word_1_45' title='bbox 1152 1163 1341 1232; x_wconf 78' lang='lat' dir='ltr'>medeantur</span> <span class='ocrx_word' id='word_1_46' title='bbox 1358 1185 1412 1230; x_wconf 89' lang='lat' dir='ltr'>ne·</span> 
     </span>
     <span class='ocr_line' id='line_1_8' title="bbox 295 1255 1418 1349; baseline 0.004 -22"><span class='ocrx_word' id='word_1_47' title='bbox 295 1282 383 1328; x_wconf 88' lang='lat' dir='ltr'>cesse</span> <span class='ocrx_word' id='word_1_48' title='bbox 404 1269 463 1342; x_wconf 89' lang='lat' dir='ltr'>est,</span> <span class='ocrx_word' id='word_1_49' title='bbox 477 1265 480 1273; x_wconf 88' lang='lat'>&#39;</span> <span class='ocrx_word' id='word_1_50' title='bbox 492 1269 530 1329; x_wconf 86' lang='lat' dir='ltr'>ut</span> <span class='ocrx_word' id='word_1_51' title='bbox 549 1265 679 1331; x_wconf 90' lang='lat' dir='ltr'>liberati</span> <span class='ocrx_word' id='word_1_52' title='bbox 707 1264 772 1330; x_wconf 87' lang='lat' dir='ltr'>iam</span> <span class='ocrx_word' id='word_1_53' title='bbox 793 1255 834 1331; x_wconf 81' lang='lat' dir='ltr'>ab</span> <span class='ocrx_word' id='word_1_54' title='bbox 854 1264 941 1331; x_wconf 92' lang='lat' dir='ltr'>omni</span> <span class='ocrx_word' id='word_1_55' title='bbox 960 1265 1101 1348; x_wconf 87' lang='lat' dir='ltr'>corporis</span> <span class='ocrx_word' id='word_1_56' title='bbox 1126 1266 1286 1349; x_wconf 87' lang='lat' dir='ltr'>voluptate</span> <span class='ocrx_word' id='word_1_57' title='bbox 1317 1265 1418 1332; x_wconf 86' lang='lat' dir='ltr'>solam</span> 
     </span>
     <span class='ocr_line' id='line_1_9' title="bbox 287 1366 1412 1450; baseline 0.005 -20"><span class='ocrx_word' id='word_1_58' title='bbox 287 1366 388 1432; x_wconf 87' lang='lat' dir='ltr'>animi</span> <span class='ocrx_word' id='word_1_59' title='bbox 408 1368 680 1450; x_wconf 83' lang='lat' dir='ltr'>pulchritudinem</span> <span class='ocrx_word' id='word_1_60' title='bbox 706 1369 881 1437; x_wconf 88' lang='lat' dir='ltr'>consectari</span> <span class='ocrx_word' id='word_1_61' title='bbox 910 1369 1086 1436; x_wconf 85' lang='lat' dir='ltr'>videantur.</span> <span class='ocrx_word' id='word_1_62' title='bbox 1131 1368 1194 1436; x_wconf 86' lang='lat' dir='ltr'>Sed</span> <span class='ocrx_word' id='word_1_63' title='bbox 1213 1370 1254 1437; x_wconf 88' lang='lat' dir='ltr'>ab</span> <span class='ocrx_word' id='word_1_64' title='bbox 1276 1371 1338 1436; x_wconf 89' lang='lat' dir='ltr'>hoc</span> <span class='ocrx_word' id='word_1_65' title='bbox 1358 1391 1412 1436; x_wconf 75' lang='lat' dir='ltr'>ex·</span> 
     </span>
     <span class='ocr_line' id='line_1_10' title="bbox 290 1473 1035 1559; baseline 0.003 -23"><span class='ocrx_word' id='word_1_66' title='bbox 290 1491 385 1536; x_wconf 89' lang='lat' dir='ltr'>cursu</span> <span class='ocrx_word' id='word_1_67' title='bbox 405 1493 514 1539; x_wconf 87' lang='lat' dir='ltr'>rursus</span> <span class='ocrx_word' id='word_1_68' title='bbox 534 1473 576 1540; x_wconf 93' lang='lat' dir='ltr'>ad</span> <span class='ocrx_word' id='word_1_69' title='bbox 598 1473 800 1559; x_wconf 77' lang='lat' dir='ltr'>Symposiaca</span> <span class='ocrx_word' id='word_1_70' title='bbox 820 1495 871 1541; x_wconf 92' lang='lat' dir='ltr'>me</span> <span class='ocrx_word' id='word_1_71' title='bbox 890 1473 1035 1540; x_wconf 87' lang='lat' dir='ltr'>referam.</span> 
     </span>
    </p>

    <p class='ocr_par' dir='ltr' id='par_1_3' title="bbox 279 1576 1415 4563">
     <span class='ocr_line' id='line_1_11' title="bbox 372 1576 1413 1662; baseline 0.004 -20"><span class='ocrx_word' id='word_1_72' title='bbox 372 1577 526 1644; x_wconf 85' lang='lat' dir='ltr'>Venimus</span> <span class='ocrx_word' id='word_1_73' title='bbox 544 1579 610 1646; x_wconf 92' lang='lat' dir='ltr'>iam</span> <span class='ocrx_word' id='word_1_74' title='bbox 628 1578 671 1645; x_wconf 88' lang='lat' dir='ltr'>ad</span> <span class='ocrx_word' id='word_1_75' title='bbox 691 1579 797 1645; x_wconf 86' lang='lat' dir='ltr'>losum</span> <span class='ocrx_word' id='word_1_76' title='bbox 817 1577 976 1644; x_wconf 87' lang='lat' dir='ltr'>lubricum</span> <span class='ocrx_word' id='word_1_77' title='bbox 997 1582 1030 1644; x_wconf 92' lang='lat' dir='ltr'>et</span> <span class='ocrx_word' id='word_1_78' title='bbox 1050 1576 1275 1660; x_wconf 86' lang='lat' dir='ltr'>periculosum,</span> <span class='ocrx_word' id='word_1_79' title='bbox 1295 1576 1330 1642; x_wconf 91' lang='lat' dir='ltr'>in</span> <span class='ocrx_word' id='word_1_80' title='bbox 1351 1597 1413 1662; x_wconf 89' lang='lat' dir='ltr'>quo</span> 
     </span>
     <span class='ocr_line' id='line_1_12' title="bbox 286 1679 1415 1765; baseline 0.001 -22"><span class='ocrx_word' id='word_1_81' title='bbox 286 1680 414 1745; x_wconf 81' lang='lat' dir='ltr'>veniam</span> <span class='ocrx_word' id='word_1_82' title='bbox 433 1680 635 1758; x_wconf 86' lang='lat' dir='ltr'>habebimus,</span> <span class='ocrx_word' id='word_1_83' title='bbox 664 1681 692 1746; x_wconf 90' lang='lat' dir='ltr'>si</span> <span class='ocrx_word' id='word_1_84' title='bbox 720 1681 755 1745; x_wconf 93' lang='lat' dir='ltr'>in</span> <span class='ocrx_word' id='word_1_85' title='bbox 784 1679 962 1765; x_wconf 87' lang='lat' dir='ltr'>detegendo</span> <span class='ocrx_word' id='word_1_86' title='bbox 979 1679 1101 1745; x_wconf 86' lang='lat' dir='ltr'>¹mendo</span> <span class='ocrx_word' id='word_1_87' title='bbox 1130 1679 1288 1746; x_wconf 80' lang='lat' dir='ltr'>acutiores</span> <span class='ocrx_word' id='word_1_88' title='bbox 1317 1679 1415 1745; x_wconf 88' lang='lat' dir='ltr'>simus</span> 
     </span>
     <span class='ocr_line' id='line_1_13' title="bbox 285 1779 1412 1867; baseline 0.002 -21"><span class='ocrx_word' id='word_1_89' title='bbox 285 1803 381 1866; x_wconf 90' lang='lat' dir='ltr'>quam</span> <span class='ocrx_word' id='word_1_90' title='bbox 396 1783 431 1848; x_wconf 92' lang='lat' dir='ltr'>in</span> <span class='ocrx_word' id='word_1_91' title='bbox 443 1783 584 1850; x_wconf 88' lang='lat' dir='ltr'>remedio</span> <span class='ocrx_word' id='word_1_92' title='bbox 598 1781 780 1850; x_wconf 89' lang='lat' dir='ltr'>adhibendo</span> <span class='ocrx_word' id='word_1_93' title='bbox 793 1782 958 1849; x_wconf 82' lang='lat' dir='ltr'>feliciores.</span> <span class='ocrx_word' id='word_1_94' title='bbox 987 1781 1120 1867; x_wconf 83' lang='lat' dir='ltr'>Legitur</span> <span class='ocrx_word' id='word_1_95' title='bbox 1130 1782 1177 1848; x_wconf 89' lang='lat' dir='ltr'>in</span> <span class='ocrx_word' id='word_1_96' title='bbox 1189 1781 1273 1848; x_wconf 90' lang='lat' dir='ltr'>libro</span> <span class='ocrx_word' id='word_1_97' title='bbox 1284 1779 1339 1860; x_wconf 84' lang='lat' dir='ltr'>Vl,</span> <span class='ocrx_word' id='word_1_98' title='bbox 1353 1787 1412 1860; x_wconf 64' lang='lat' dir='ltr'>&#39;al</span> 
     </span>
     <span class='ocr_line' id='line_1_14' title="bbox 283 1881 1412 1977; baseline -0.005 -21"><span class='ocrx_word' id='word_1_99' title='bbox 283 1909 313 1971; x_wconf 87' lang='lat' dir='ltr'>p.</span> <span class='ocrx_word' id='word_1_100' title='bbox 339 1889 431 1956; x_wconf 78' lang='lat' dir='ltr'>osef</span> <span class='ocrx_word' id='word_1_101' title='bbox 461 1883 565 1977; x_wconf 78' lang='grc' dir='ltr'><strong><em>ἡμὲν</em></strong></span> <span class='ocrx_word' id='word_1_102' title='bbox 594 1887 657 1977; x_wconf 75' lang='grc' dir='ltr'>γὰρ</span> <span class='ocrx_word' id='word_1_103' title='bbox 687 1885 775 1973; x_wconf 77' lang='grc' dir='ltr'><strong><em>δίψα</em></strong></span> <span class='ocrx_word' id='word_1_104' title='bbox 804 1890 877 1965; x_wconf 82' lang='grc' dir='ltr'><strong><em>τοῖς</em></strong></span> <span class='ocrx_word' id='word_1_105' title='bbox 907 1888 1070 1972; x_wconf 80' lang='grc' dir='ltr'><em>φαγοῦσιν</em></span> <span class='ocrx_word' id='word_1_106' title='bbox 1099 1881 1315 1963; x_wconf 79' lang='grc' dir='ltr'><strong><em>ἐπιτείνεται,</em></strong></span> <span class='ocrx_word' id='word_1_107' title='bbox 1347 1886 1412 1950; x_wconf 80' lang='grc' dir='ltr'>τῶν</span> 
     </span>
     <span class='ocr_line' id='line_1_15' title="bbox 287 1982 1412 2083; baseline -0.004 -23"><span class='ocrx_word' id='word_1_108' title='bbox 287 1991 404 2060; x_wconf 78' lang='grc' dir='ltr'><strong><em>σιτίων</em></strong></span> <span class='ocrx_word' id='word_1_109' title='bbox 426 1998 468 2083; x_wconf 77' lang='grc' dir='ltr'>τῇ</span> <span class='ocrx_word' id='word_1_110' title='bbox 489 1990 646 2081; x_wconf 78' lang='grc' dir='ltr'><strong><em>ξηρότητι</em></strong></span> <span class='ocrx_word' id='word_1_111' title='bbox 675 1991 1005 2078; x_wconf 79' lang='grc' dir='ltr'><strong><em>διεσπαρμένον</em></strong></span> <span class='ocrx_word' id='word_1_112' title='bbox 1025 1985 1123 2078; x_wconf 76' lang='grc' dir='ltr'><strong><em>ὑγρόν</em></strong></span> <span class='ocrx_word' id='word_1_113' title='bbox 1145 1989 1202 2055; x_wconf 88' lang='grc' dir='ltr'><strong><em>καί</em></strong></span> <span class='ocrx_word' id='word_1_114' title='bbox 1224 1982 1412 2055; x_wconf 79' lang='grc' dir='ltr'><strong><em>ἀπολειπό-</em></strong></span> 
     </span>
     <span class='ocr_line' id='line_1_16' title="bbox 284 2088 1413 2181; baseline 0 -21"><span class='ocrx_word' id='word_1_115' title='bbox 284 2121 385 2178; x_wconf 88' lang='grc' dir='ltr'><strong><em>μενον</em></strong></span> <span class='ocrx_word' id='word_1_116' title='bbox 409 2092 552 2174; x_wconf 60' lang='lat' dir='ltr'>deesses</span> <span class='ocrx_word' id='word_1_117' title='bbox 581 2096 638 2162; x_wconf 87' lang='grc' dir='ltr'><strong><em>καί</em></strong></span> <span class='ocrx_word' id='word_1_118' title='bbox 652 2090 777 2180; x_wconf 84' lang='grc' dir='ltr'>Ιὀλίγον</span> <span class='ocrx_word' id='word_1_119' title='bbox 805 2094 840 2161; x_wconf 79' lang='grc' dir='ltr'>ἒν</span> <span class='ocrx_word' id='word_1_120' title='bbox 869 2097 917 2181; x_wconf 79' lang='grc' dir='ltr'>τῷ</span> <span class='ocrx_word' id='word_1_121' title='bbox 944 2090 1076 2179; x_wconf 83' lang='grc' dir='ltr'><strong><em>σώματι</em></strong></span> <span class='ocrx_word' id='word_1_122' title='bbox 1105 2088 1328 2178; x_wconf 78' lang='grc' dir='ltr'><strong><em>συλλεγόντων</em></strong></span> <span class='ocrx_word' id='word_1_123' title='bbox 1356 2092 1413 2160; x_wconf 86' lang='grc' dir='ltr'><strong><em>καί</em></strong></span> 
     </span>
     <span class='ocr_line' id='line_1_17' title="bbox 284 2190 1411 2286; baseline -0.004 -22"><span class='ocrx_word' id='word_1_124' title='bbox 284 2196 595 2282; x_wconf 86' lang='grc' dir='ltr'><strong><em>συνεξικμαζόντων·</em></strong></span> <span class='ocrx_word' id='word_1_125' title='bbox 607 2194 724 2285; x_wconf 74' lang='grc' dir='ltr'><strong><em>ὥσπερ</em></strong></span> <span class='ocrx_word' id='word_1_126' title='bbox 739 2193 803 2276; x_wconf 73' lang='grc' dir='ltr'>ἔξω</span> <span class='ocrx_word' id='word_1_127' title='bbox 819 2199 876 2285; x_wconf 77' lang='grc' dir='ltr'>γῆν</span> <span class='ocrx_word' id='word_1_128' title='bbox 891 2190 1019 2286; x_wconf 80' lang='grc' dir='ltr'><strong><em>ὁρῶμεν</em></strong></span> <span class='ocrx_word' id='word_1_129' title='bbox 1034 2194 1090 2264; x_wconf 88' lang='grc' dir='ltr'><strong><em>καί</em></strong></span> <span class='ocrx_word' id='word_1_130' title='bbox 1105 2192 1195 2262; x_wconf 83' lang='grc' dir='ltr'><strong><em>κόνιν</em></strong></span> <span class='ocrx_word' id='word_1_131' title='bbox 1212 2194 1282 2262; x_wconf 88' lang='grc' dir='ltr'><strong><em>καί</em></strong></span> <span class='ocrx_word' id='word_1_132' title='bbox 1304 2196 1411 2278; x_wconf 82' lang='grc' dir='ltr'><strong><em>μῶλ-</em></strong></span> 
     </span>
     <span class='ocr_line' id='line_1_18' title="bbox 284 2295 1411 2390; baseline -0.003 -20"><span class='ocrx_word' id='word_1_133' title='bbox 284 2305 359 2370; x_wconf 92' lang='grc' dir='ltr'>λον</span> <span class='ocrx_word' id='word_1_134' title='bbox 386 2304 437 2371; x_wconf 83' lang='grc' dir='ltr'>τὰ</span> <span class='ocrx_word' id='word_1_135' title='bbox 464 2299 700 2390; x_wconf 74' lang='grc' dir='ltr'><strong><em>μιγνύμενα</em></strong></span> <span class='ocrx_word' id='word_1_136' title='bbox 725 2304 792 2367; x_wconf 77' lang='grc' dir='ltr'>τῶν</span> <span class='ocrx_word' id='word_1_137' title='bbox 811 2297 918 2387; x_wconf 78' lang='grc' dir='ltr'><strong><em>ὑγρῶν</em></strong></span> <span class='ocrx_word' id='word_1_138' title='bbox 941 2295 1240 2385; x_wconf 76' lang='grc' dir='ltr'><strong><em>ἀναλαμβάνουσαν</em></strong></span> <span class='ocrx_word' id='word_1_139' title='bbox 1263 2296 1310 2378; x_wconf 84' lang='grc' dir='ltr'>εἷς</span> <span class='ocrx_word' id='word_1_140' title='bbox 1333 2297 1411 2367; x_wconf 76' lang='grc' dir='ltr'><strong><em>ἑαυ-</em></strong></span> 
     </span>
     <span class='ocr_line' id='line_1_19' title="bbox 283 2401 1408 2490; baseline 0 -20"><span class='ocrx_word' id='word_1_141' title='bbox 283 2404 341 2490; x_wconf 78' lang='grc' dir='ltr'>τὴν</span> <span class='ocrx_word' id='word_1_142' title='bbox 363 2403 420 2470; x_wconf 84' lang='grc' dir='ltr'><strong><em>καί</em></strong></span> <span class='ocrx_word' id='word_1_143' title='bbox 436 2401 679 2488; x_wconf 65' lang='grc' dir='ltr'><strong><em>ἀφανίζουσαν.</em></strong></span> <span class='ocrx_word' id='word_1_144' title='bbox 723 2403 762 2469; x_wconf 91' lang='lat' dir='ltr'>In</span> <span class='ocrx_word' id='word_1_145' title='bbox 781 2403 832 2470; x_wconf 80' lang='lat' dir='ltr'>his</span> <span class='ocrx_word' id='word_1_146' title='bbox 852 2404 903 2471; x_wconf 80' lang='lat' dir='ltr'>vel</span> <span class='ocrx_word' id='word_1_147' title='bbox 924 2404 1031 2488; x_wconf 82' lang='lat' dir='ltr'>prima</span> <span class='ocrx_word' id='word_1_148' title='bbox 1050 2403 1156 2470; x_wconf 78' lang='lat' dir='ltr'>fronte</span> <span class='ocrx_word' id='word_1_149' title='bbox 1177 2403 1312 2487; x_wconf 83' lang='lat' dir='ltr'>adparet</span> <span class='ocrx_word' id='word_1_150' title='bbox 1333 2409 1408 2470; x_wconf 72' lang='lat' dir='ltr'>ante</span> 
     </span>
     <span class='ocr_line' id='line_1_20' title="bbox 287 2506 1410 2596; baseline -0.004 -21"><span class='ocrx_word' id='word_1_151' title='bbox 287 2509 533 2596; x_wconf 80' lang='grc' dir='ltr'><strong><em>διεσπαρμένον</em></strong></span> <span class='ocrx_word' id='word_1_152' title='bbox 547 2507 727 2574; x_wconf 88' lang='lat' dir='ltr'>addendum</span> <span class='ocrx_word' id='word_1_153' title='bbox 742 2529 810 2575; x_wconf 90' lang='lat' dir='ltr'>esse</span> <span class='ocrx_word' id='word_1_154' title='bbox 830 2507 1000 2574; x_wconf 85' lang='lat' dir='ltr'>articulum</span> <span class='ocrx_word' id='word_1_155' title='bbox 1020 2507 1217 2590; x_wconf 69' lang='lat' dir='ltr'>servantque</span> <span class='ocrx_word' id='word_1_156' title='bbox 1241 2527 1313 2572; x_wconf 90' lang='lat' dir='ltr'>eum</span> <span class='ocrx_word' id='word_1_157' title='bbox 1326 2506 1410 2574; x_wconf 90' lang='lat' dir='ltr'>Psel-</span> 
     </span>
     <span class='ocr_line' id='line_1_21' title="bbox 282 2607 1411 2692; baseline -0.003 -15"><span class='ocrx_word' id='word_1_158' title='bbox 282 2607 333 2677; x_wconf 85' lang='lat' dir='ltr'>lus</span> <span class='ocrx_word' id='word_1_159' title='bbox 354 2612 576 2679; x_wconf 83' lang='lat' dir='ltr'>Bussemalreri</span> <span class='ocrx_word' id='word_1_160' title='bbox 601 2611 667 2692; x_wconf 82' lang='lat' dir='ltr'>(cfr.</span> <span class='ocrx_word' id='word_1_161' title='bbox 688 2611 815 2689; x_wconf 83' lang='lat' dir='ltr'>Quaest</span> <span class='ocrx_word' id='word_1_162' title='bbox 836 2610 918 2677; x_wconf 87' lang='lat' dir='ltr'>Plut.</span> <span class='ocrx_word' id='word_1_163' title='bbox 940 2609 990 2674; x_wconf 90' lang='lat'>111</span> <span class='ocrx_word' id='word_1_164' title='bbox 1009 2629 1040 2692; x_wconf 89' lang='lat' dir='ltr'>p.</span> <span class='ocrx_word' id='word_1_165' title='bbox 1065 2615 1103 2675; x_wconf 82' lang='lat'>17</span> <span class='ocrx_word' id='word_1_166' title='bbox 1125 2614 1158 2676; x_wconf 88' lang='lat' dir='ltr'>et</span> <span class='ocrx_word' id='word_1_167' title='bbox 1178 2607 1225 2674; x_wconf 87' lang='lat' dir='ltr'>IV</span> <span class='ocrx_word' id='word_1_168' title='bbox 1246 2627 1277 2691; x_wconf 92' lang='lat' dir='ltr'>p.</span> <span class='ocrx_word' id='word_1_169' title='bbox 1300 2611 1353 2690; x_wconf 77' lang='lat'>26)</span> <span class='ocrx_word' id='word_1_170' title='bbox 1376 2608 1411 2674; x_wconf 88' lang='lat' dir='ltr'>in</span> 
     </span>
     <span class='ocr_line' id='line_1_22' title="bbox 283 2705 1411 2799; baseline -0.004 -15"><span class='ocrx_word' id='word_1_171' title='bbox 283 2717 435 2784; x_wconf 87' lang='lat' dir='ltr'>subditivi</span> <span class='ocrx_word' id='word_1_172' title='bbox 460 2717 641 2784; x_wconf 84' lang='lat' dir='ltr'>Aristotelis</span> <span class='ocrx_word' id='word_1_173' title='bbox 669 2716 773 2783; x_wconf 91' lang='lat' dir='ltr'>Probl.</span> <span class='ocrx_word' id='word_1_174' title='bbox 802 2737 832 2799; x_wconf 90' lang='lat' dir='ltr'>p.</span> <span class='ocrx_word' id='word_1_175' title='bbox 855 2720 931 2794; x_wconf 82' lang='lat'><strong>332,</strong></span> <span class='ocrx_word' id='word_1_176' title='bbox 966 2719 1005 2781; x_wconf 78' lang='grc'>21</span> <span class='ocrx_word' id='word_1_177' title='bbox 1039 2713 1136 2780; x_wconf 83' lang='lat' dir='ltr'>Paris</span> <span class='ocrx_word' id='word_1_178' title='bbox 1168 2705 1188 2799; x_wconf 81' lang='grc' dir='ltr'><em>ἦ</em></span> <span class='ocrx_word' id='word_1_179' title='bbox 1219 2709 1308 2794; x_wconf 77' lang='grc' dir='ltr'><strong><em>δίψα</em></strong></span> <span class='ocrx_word' id='word_1_180' title='bbox 1338 2715 1411 2790; x_wconf 80' lang='grc' dir='ltr'><strong><em>τοῖς</em></strong></span> 
     </span>
     <span class='ocr_line' id='line_1_23' title="bbox 284 2811 1411 2908; baseline -0.004 -23"><span class='ocrx_word' id='word_1_181' title='bbox 284 2823 450 2906; x_wconf 80' lang='grc' dir='ltr'><strong><em>φαγοῦσιν</em></strong></span> <span class='ocrx_word' id='word_1_182' title='bbox 473 2818 684 2897; x_wconf 71' lang='grc' dir='ltr'><strong><em>ἐπιτείνεται,</em></strong></span> <span class='ocrx_word' id='word_1_183' title='bbox 710 2817 799 2885; x_wconf 87' lang='grc' dir='ltr'><strong><em>διότι</em></strong></span> <span class='ocrx_word' id='word_1_184' title='bbox 819 2815 861 2882; x_wconf 81' lang='grc' dir='ltr'>τὰ</span> <span class='ocrx_word' id='word_1_185' title='bbox 882 2815 1096 2900; x_wconf 82' lang='grc' dir='ltr'><strong><em>είσερχόμενα</em></strong></span> <span class='ocrx_word' id='word_1_186' title='bbox 1119 2811 1210 2908; x_wconf 88' lang='grc' dir='ltr'><strong><em>σιτία</em></strong></span> <span class='ocrx_word' id='word_1_187' title='bbox 1229 2817 1271 2903; x_wconf 81' lang='grc' dir='ltr'>τῇ</span> <span class='ocrx_word' id='word_1_188' title='bbox 1292 2812 1411 2904; x_wconf 86' lang='grc' dir='ltr'><strong><em>γαστρί</em></strong></span> 
     </span>
     <span class='ocr_line' id='line_1_24' title="bbox 283 2913 1410 3009; baseline -0.004 -21"><span class='ocrx_word' id='word_1_189' title='bbox 283 2922 330 2989; x_wconf 82' lang='grc' dir='ltr'>τό</span> <span class='ocrx_word' id='word_1_190' title='bbox 352 2923 597 3005; x_wconf 81' lang='grc' dir='ltr'><strong><em>διεσπαρμένον</em></strong></span> <span class='ocrx_word' id='word_1_191' title='bbox 616 2917 716 3009; x_wconf 72' lang='grc' dir='ltr'><strong><em>ὑγρόν</em></strong></span> <span class='ocrx_word' id='word_1_192' title='bbox 737 2918 793 2987; x_wconf 89' lang='grc' dir='ltr'><strong><em>καί</em></strong></span> <span class='ocrx_word' id='word_1_193' title='bbox 814 2914 1086 3002; x_wconf 69' lang='grc' dir='ltr'><strong><em>ἀπολειπόμενον</em></strong></span> <span class='ocrx_word' id='word_1_194' title='bbox 1106 2919 1162 2985; x_wconf 87' lang='grc' dir='ltr'><strong><em>καὶ</em></strong></span> <span class='ocrx_word' id='word_1_195' title='bbox 1182 2913 1294 3003; x_wconf 86' lang='grc' dir='ltr'><strong><em>όλίγον</em></strong></span> <span class='ocrx_word' id='word_1_196' title='bbox 1310 2917 1345 2984; x_wconf 76' lang='grc' dir='ltr'>ἐν</span> <span class='ocrx_word' id='word_1_197' title='bbox 1362 2921 1410 3006; x_wconf 76' lang='grc' dir='ltr'>τῷ</span> 
     </span>
     <span class='ocr_line' id='line_1_25' title="bbox 284 3022 1409 3110; baseline 0.002 -20"><span class='ocrx_word' id='word_1_198' title='bbox 284 3022 414 3108; x_wconf 82' lang='grc' dir='ltr'><strong><em>σώματι</em></strong></span> <span class='ocrx_word' id='word_1_199' title='bbox 437 3025 643 3110; x_wconf 86' lang='grc' dir='ltr'><strong><em>συλλέγουσι.</em></strong></span> <span class='ocrx_word' id='word_1_200' title='bbox 696 3025 829 3092; x_wconf 89' lang='lat' dir='ltr'>Rehcna</span> <span class='ocrx_word' id='word_1_201' title='bbox 857 3024 974 3090; x_wconf 88' lang='lat' dir='ltr'>multas</span> <span class='ocrx_word' id='word_1_202' title='bbox 1003 3024 1187 3090; x_wconf 80' lang='lat' dir='ltr'>criticorum</span> <span class='ocrx_word' id='word_1_203' title='bbox 1212 3025 1409 3092; x_wconf 90' lang='lat' dir='ltr'>coniecturas</span> 
     </span>
     <span class='ocr_line' id='line_1_26' title="bbox 282 3121 1408 3214; baseline 0 -20"><span class='ocrx_word' id='word_1_204' title='bbox 282 3134 489 3212; x_wconf 86' lang='lat' dir='ltr'>pepererunt,</span> <span class='ocrx_word' id='word_1_205' title='bbox 517 3150 652 3213; x_wconf 87' lang='lat' dir='ltr'>quorum</span> <span class='ocrx_word' id='word_1_206' title='bbox 679 3129 773 3194; x_wconf 88' lang='lat' dir='ltr'>Tmn.</span> <span class='ocrx_word' id='word_1_207' title='bbox 800 3134 835 3194; x_wconf 93' lang='lat' dir='ltr'>et</span> <span class='ocrx_word' id='word_1_208' title='bbox 854 3128 945 3194; x_wconf 89' lang='lat' dir='ltr'>Vulc.</span> <span class='ocrx_word' id='word_1_209' title='bbox 973 3121 1071 3214; x_wconf 80' lang='grc' dir='ltr'><strong><em>ἢκαὶ</em></strong></span> <span class='ocrx_word' id='word_1_210' title='bbox 1086 3125 1179 3191; x_wconf 77' lang='grc' dir='ltr'><strong><em>’κόνιν</em></strong></span> <span class='ocrx_word' id='word_1_211' title='bbox 1201 3123 1250 3192; x_wconf 75' lang='grc' dir='ltr'>ἔτι</span> <span class='ocrx_word' id='word_1_212' title='bbox 1280 3128 1408 3210; x_wconf 83' lang='grc' dir='ltr'><strong><em>μᾶλλον</em></strong></span> 
     </span>
     <span class='ocr_line' id='line_1_27' title="bbox 281 3227 1406 3322; baseline -0.004 -23"><span class='ocrx_word' id='word_1_213' title='bbox 281 3234 333 3301; x_wconf 84' lang='lat' dir='ltr'>vel</span> <span class='ocrx_word' id='word_1_214' title='bbox 345 3231 489 3311; x_wconf 84' lang='grc' dir='ltr'><strong><em>τίτανον,</em></strong></span> <span class='ocrx_word' id='word_1_215' title='bbox 512 3233 659 3299; x_wconf 81' lang='lat' dir='ltr'>Beislrius</span> <span class='ocrx_word' id='word_1_216' title='bbox 671 3231 841 3313; x_wconf 76' lang='grc' dir='ltr'><strong><em>βῶλοντοΙ</em></strong></span> <span class='ocrx_word' id='word_1_217' title='bbox 857 3228 999 3304; x_wconf 89' lang='grc' dir='ltr'><strong><em>τίτανον,</em></strong></span> <span class='ocrx_word' id='word_1_218' title='bbox 1026 3227 1289 3322; x_wconf 67' lang='lat' dir='ltr'>wyttenbachius</span> <span class='ocrx_word' id='word_1_219' title='bbox 1310 3227 1406 3315; x_wconf 82' lang='grc' dir='ltr'><strong><em>ψάμ-</em></strong></span> 
     </span>
     <span class='ocr_line' id='line_1_28' title="bbox 282 3332 1408 3420; baseline 0 -20"><span class='ocrx_word' id='word_1_220' title='bbox 282 3359 345 3416; x_wconf 86' lang='grc' dir='ltr'>μον</span> <span class='ocrx_word' id='word_1_221' title='bbox 366 3335 418 3401; x_wconf 84' lang='lat' dir='ltr'>vel</span> <span class='ocrx_word' id='word_1_222' title='bbox 438 3332 567 3420; x_wconf 89' lang='grc' dir='ltr'><strong><em>μαλλόν</em></strong></span> <span class='ocrx_word' id='word_1_223' title='bbox 585 3335 774 3414; x_wconf 66' lang='lat' dir='ltr'>coniuebat,</span> <span class='ocrx_word' id='word_1_224' title='bbox 798 3356 934 3420; x_wconf 88' lang='lat' dir='ltr'>quorum</span> <span class='ocrx_word' id='word_1_225' title='bbox 952 3339 1101 3399; x_wconf 86' lang='lat' dir='ltr'>neutrum</span> <span class='ocrx_word' id='word_1_226' title='bbox 1121 3333 1230 3416; x_wconf 86' lang='lat' dir='ltr'>probo,</span> <span class='ocrx_word' id='word_1_227' title='bbox 1251 3334 1408 3417; x_wconf 84' lang='lat' dir='ltr'>posterius</span> 
     </span>
     <span class='ocr_line' id='line_1_29' title="bbox 281 3436 1407 3523; baseline 0 -19"><span class='ocrx_word' id='word_1_228' title='bbox 281 3439 424 3504; x_wconf 87' lang='lat' dir='ltr'>funditus</span> <span class='ocrx_word' id='word_1_229' title='bbox 455 3438 607 3521; x_wconf 85' lang='lat' dir='ltr'>reprobo;</span> <span class='ocrx_word' id='word_1_230' title='bbox 644 3439 831 3506; x_wconf 86' lang='lat' dir='ltr'>Maziriaeus</span> <span class='ocrx_word' id='word_1_231' title='bbox 863 3438 1000 3523; x_wconf 89' lang='lat' dir='ltr'>denique</span> <span class='ocrx_word' id='word_1_232' title='bbox 1031 3437 1246 3520; x_wconf 81' lang='lat' dir='ltr'>adstipulante</span> <span class='ocrx_word' id='word_1_233' title='bbox 1281 3436 1407 3504; x_wconf 82' lang='lat' dir='ltr'>Amioto</span> 
     </span>
     <span class='ocr_line' id='line_1_30' title="bbox 281 3539 1405 3630; baseline 0.003 -22"><span class='ocrx_word' id='word_1_234' title='bbox 281 3539 411 3627; x_wconf 83' lang='grc' dir='ltr'><strong><em>μᾶλλον</em></strong></span> <span class='ocrx_word' id='word_1_235' title='bbox 443 3545 641 3623; x_wconf 87' lang='lat' dir='ltr'>eliminabat,</span> <span class='ocrx_word' id='word_1_236' title='bbox 678 3545 763 3630; x_wconf 92' lang='lat' dir='ltr'>quod</span> <span class='ocrx_word' id='word_1_237' title='bbox 794 3545 878 3612; x_wconf 91' lang='lat' dir='ltr'>unde</span> <span class='ocrx_word' id='word_1_238' title='bbox 892 3545 895 3552; x_wconf 50' lang='lat'><strong>⁴</strong></span> <span class='ocrx_word' id='word_1_239' title='bbox 908 3545 1080 3628; x_wconf 88' lang='lat' dir='ltr'>inrepserit</span> <span class='ocrx_word' id='word_1_240' title='bbox 1114 3545 1232 3613; x_wconf 87' lang='lat' dir='ltr'>frustra</span> <span class='ocrx_word' id='word_1_241' title='bbox 1264 3566 1405 3630; x_wconf 86' lang='lat' dir='ltr'>quaeres.</span> 
     </span>
     <span class='ocr_line' id='line_1_31' title="bbox 282 3650 1409 3735; baseline 0.002 -18"><span class='ocrx_word' id='word_1_242' title='bbox 282 3651 343 3728; x_wconf 81' lang='lat' dir='ltr'>Qui</span> <span class='ocrx_word' id='word_1_243' title='bbox 363 3650 448 3735; x_wconf 91' lang='lat' dir='ltr'>quod</span> <span class='ocrx_word' id='word_1_244' title='bbox 468 3651 597 3729; x_wconf 80' lang='grc' dir='ltr'><strong><em>μᾶλλον</em></strong></span> <span class='ocrx_word' id='word_1_245' title='bbox 618 3672 677 3734; x_wconf 92' lang='lat' dir='ltr'>pro</span> <span class='ocrx_word' id='word_1_246' title='bbox 692 3656 841 3733; x_wconf 84' lang='lat' dir='ltr'>corrupto</span> <span class='ocrx_word' id='word_1_247' title='bbox 858 3651 1028 3730; x_wconf 86' lang='lat' dir='ltr'>habebant,</span> <span class='ocrx_word' id='word_1_248' title='bbox 1048 3650 1197 3720; x_wconf 81' lang='lat' dir='ltr'>fefellisse</span> <span class='ocrx_word' id='word_1_249' title='bbox 1217 3673 1270 3719; x_wconf 91' lang='lat' dir='ltr'>eos</span> <span class='ocrx_word' id='word_1_250' title='bbox 1283 3651 1409 3719; x_wconf 85' lang='lat' dir='ltr'>videtur</span> 
     </span>
     <span class='ocr_line' id='line_1_32' title="bbox 282 3755 1407 3842; baseline 0.004 -22"><span class='ocrx_word' id='word_1_251' title='bbox 282 3755 409 3822; x_wconf 86' lang='lat' dir='ltr'>dicendi</span> <span class='ocrx_word' id='word_1_252' title='bbox 419 3777 501 3836; x_wconf 83' lang='lat' dir='ltr'>nsua,</span> <span class='ocrx_word' id='word_1_253' title='bbox 513 3755 602 3822; x_wconf 86' lang='lat' dir='ltr'>cuius</span> <span class='ocrx_word' id='word_1_254' title='bbox 614 3777 686 3821; x_wconf 90' lang='lat' dir='ltr'>cum</span> <span class='ocrx_word' id='word_1_255' title='bbox 697 3756 753 3821; x_wconf 87' lang='lat' dir='ltr'>alii</span> <span class='ocrx_word' id='word_1_256' title='bbox 765 3755 834 3841; x_wconf 83' lang='lat' dir='ltr'>(cfr.</span> <span class='ocrx_word' id='word_1_257' title='bbox 846 3755 997 3823; x_wconf 86' lang='lat' dir='ltr'>Schaefer</span> <span class='ocrx_word' id='word_1_258' title='bbox 1007 3755 1049 3822; x_wconf 86' lang='lat' dir='ltr'>ad</span> <span class='ocrx_word' id='word_1_259' title='bbox 1059 3757 1150 3842; x_wconf 87' lang='lat' dir='ltr'>Greg.</span> <span class='ocrx_word' id='word_1_260' title='bbox 1166 3757 1305 3824; x_wconf 82' lang='lat' dir='ltr'>Corinth.</span> <span class='ocrx_word' id='word_1_261' title='bbox 1317 3778 1347 3840; x_wconf 92' lang='lat' dir='ltr'>p.</span> <span class='ocrx_word' id='word_1_262' title='bbox 1358 3763 1407 3838; x_wconf 79' lang='lat'>52,</span> 
     </span>
     <span class='ocr_line' id='line_1_33' title="bbox 285 3861 1405 3946; baseline 0.001 -18"><span class='ocrx_word' id='word_1_263' title='bbox 285 3865 344 3928; x_wconf 89' lang='grc'>161</span> <span class='ocrx_word' id='word_1_264' title='bbox 362 3865 487 3945; x_wconf 90' lang='lat' dir='ltr'>etquae</span> <span class='ocrx_word' id='word_1_265' title='bbox 503 3862 646 3928; x_wconf 89' lang='lat' dir='ltr'>conlecta</span> <span class='ocrx_word' id='word_1_266' title='bbox 660 3861 759 3928; x_wconf 88' lang='lat' dir='ltr'>habet</span> <span class='ocrx_word' id='word_1_267' title='bbox 768 3861 1032 3946; x_wconf 85' lang='lat' dir='ltr'>Wyttenbachius</span> <span class='ocrx_word' id='word_1_268' title='bbox 1045 3861 1087 3927; x_wconf 91' lang='lat' dir='ltr'>ad</span> <span class='ocrx_word' id='word_1_269' title='bbox 1096 3861 1177 3930; x_wconf 85' lang='lat' dir='ltr'>Plut.</span> <span class='ocrx_word' id='word_1_270' title='bbox 1195 3862 1234 3928; x_wconf 89' lang='lat' dir='ltr'>de</span> <span class='ocrx_word' id='word_1_271' title='bbox 1246 3883 1269 3929; x_wconf 90' lang='lat' dir='ltr'>s.</span> <span class='ocrx_word' id='word_1_272' title='bbox 1280 3884 1311 3930; x_wconf 92' lang='lat' dir='ltr'>n.</span> <span class='ocrx_word' id='word_1_273' title='bbox 1322 3863 1405 3930; x_wconf 79' lang='lat' dir='ltr'>vind.</span> 
     </span>
     <span class='ocr_line' id='line_1_34' title="bbox 281 3957 1407 4054; baseline 0.004 -21"><span class='ocrx_word' id='word_1_274' title='bbox 281 3986 311 4049; x_wconf 88' lang='lat' dir='ltr'>p.</span> <span class='ocrx_word' id='word_1_275' title='bbox 327 3970 387 4050; x_wconf 81' lang='lat'><strong>13),</strong></span> <span class='ocrx_word' id='word_1_276' title='bbox 408 3971 477 4031; x_wconf 89' lang='lat' dir='ltr'>tum</span> <span class='ocrx_word' id='word_1_277' title='bbox 492 3968 637 4049; x_wconf 83' lang='lat' dir='ltr'>exempla</span> <span class='ocrx_word' id='word_1_278' title='bbox 652 3967 829 4034; x_wconf 86' lang='lat' dir='ltr'>certissima</span> <span class='ocrx_word' id='word_1_279' title='bbox 841 3968 910 4051; x_wconf 88' lang='lat' dir='ltr'>ipse</span> <span class='ocrx_word' id='word_1_280' title='bbox 924 3957 1112 4034; x_wconf 87' lang='lat' dir='ltr'>Plutarchus</span> <span class='ocrx_word' id='word_1_281' title='bbox 1127 3973 1271 4050; x_wconf 87' lang='lat' dir='ltr'>praestat</span> <span class='ocrx_word' id='word_1_282' title='bbox 1284 3969 1357 4054; x_wconf 87' lang='lat' dir='ltr'>Lyc.</span> <span class='ocrx_word' id='word_1_283' title='bbox 1370 3977 1407 4038; x_wconf 87' lang='grc'>17</span> 
     </span>
     <span class='ocr_line' id='line_1_35' title="bbox 282 4063 1407 4156; baseline 0.004 -25"><span class='ocrx_word' id='word_1_284' title='bbox 282 4064 339 4132; x_wconf 87' lang='grc' dir='ltr'><strong><em>καί</em></strong></span> <span class='ocrx_word' id='word_1_285' title='bbox 361 4071 545 4154; x_wconf 28' lang='grc' dir='ltr'><strong><em>προσεῖχον,</em></strong></span> <span class='ocrx_word' id='word_1_286' title='bbox 561 4063 595 4132; x_wconf 84' lang='lat' dir='ltr'>oi</span> <span class='ocrx_word' id='word_1_287' title='bbox 618 4066 840 4156; x_wconf 84' lang='grc' dir='ltr'><strong><em>πρεσβύτεροι</em></strong></span> <span class='ocrx_word' id='word_1_288' title='bbox 864 4065 1077 4148; x_wconf 76' lang='grc' dir='ltr'><strong><em>καὶμᾶλλον,</em></strong></span> <span class='ocrx_word' id='word_1_289' title='bbox 1100 4066 1216 4152; x_wconf 82' lang='lat' dir='ltr'>Agesil.</span> <span class='ocrx_word' id='word_1_290' title='bbox 1231 4072 1269 4134; x_wconf 80' lang='lat'>13</span> <span class='ocrx_word' id='word_1_291' title='bbox 1293 4066 1407 4156; x_wconf 76' lang='grc' dir='ltr'><strong><em>ἐχρῆτο</em></strong></span> 
     </span>
     <span class='ocr_line' id='line_1_36' title="bbox 279 4169 1407 4258; baseline 0.005 -25"><span class='ocrx_word' id='word_1_292' title='bbox 279 4171 328 4255; x_wconf 78' lang='grc' dir='ltr'>τῷ</span> <span class='ocrx_word' id='word_1_293' title='bbox 354 4171 461 4258; x_wconf 78' lang='grc' dir='ltr'><strong><em>καιρῷ</em></strong></span> <span class='ocrx_word' id='word_1_294' title='bbox 488 4171 545 4236; x_wconf 86' lang='grc' dir='ltr'><strong><em>καὶ</em></strong></span> <span class='ocrx_word' id='word_1_295' title='bbox 572 4170 710 4254; x_wconf 82' lang='grc' dir='ltr'><strong><em>μᾶλλον.</em></strong></span> <span class='ocrx_word' id='word_1_296' title='bbox 762 4170 809 4235; x_wconf 90' lang='lat' dir='ltr'>Ac</span> <span class='ocrx_word' id='word_1_297' title='bbox 837 4169 900 4235; x_wconf 88' lang='lat' dir='ltr'>fuit</span> <span class='ocrx_word' id='word_1_298' title='bbox 929 4191 1004 4237; x_wconf 87' lang='lat' dir='ltr'>sane</span> <span class='ocrx_word' id='word_1_299' title='bbox 1034 4187 1141 4252; x_wconf 88' lang='lat' dir='ltr'>quam</span> <span class='ocrx_word' id='word_1_300' title='bbox 1156 4171 1294 4238; x_wconf 83' lang='lat' dir='ltr'>maxime</span> <span class='ocrx_word' id='word_1_301' title='bbox 1322 4171 1407 4256; x_wconf 90' lang='lat' dir='ltr'>quod</span> 
     </span>
     <span class='ocr_line' id='line_1_37' title="bbox 281 4267 1404 4353; baseline 0.008 -21"><span class='ocrx_word' id='word_1_302' title='bbox 281 4267 405 4350; x_wconf 84' lang='lat' dir='ltr'>pulveri</span> <span class='ocrx_word' id='word_1_303' title='bbox 432 4269 584 4336; x_wconf 90' lang='lat' dir='ltr'>maiorem</span> <span class='ocrx_word' id='word_1_304' title='bbox 612 4290 709 4353; x_wconf 90' lang='lat' dir='ltr'>quam</span> <span class='ocrx_word' id='word_1_305' title='bbox 738 4273 844 4335; x_wconf 89' lang='lat' dir='ltr'>terrae</span> <span class='ocrx_word' id='word_1_306' title='bbox 870 4269 935 4335; x_wconf 87' lang='lat' dir='ltr'>vim</span> <span class='ocrx_word' id='word_1_307' title='bbox 963 4269 1154 4337; x_wconf 88' lang='lat' dir='ltr'>absorbendi</span> <span class='ocrx_word' id='word_1_308' title='bbox 1181 4271 1328 4340; x_wconf 90' lang='lat' dir='ltr'>humores</span> <span class='ocrx_word' id='word_1_309' title='bbox 1349 4273 1404 4340; x_wconf 87' lang='lat' dir='ltr'>ad-</span> 
     </span>
     <span class='ocr_line' id='line_1_38' title="bbox 280 4374 1402 4459; baseline 0.005 -21"><span class='ocrx_word' id='word_1_310' title='bbox 280 4374 460 4456; x_wconf 80' lang='lat' dir='ltr'>scripserit3</span> <span class='ocrx_word' id='word_1_311' title='bbox 480 4395 543 4458; x_wconf 90' lang='lat' dir='ltr'>quo</span> <span class='ocrx_word' id='word_1_312' title='bbox 564 4375 700 4454; x_wconf 77' lang='lat' dir='ltr'>accedit,</span> <span class='ocrx_word' id='word_1_313' title='bbox 722 4374 807 4459; x_wconf 89' lang='lat' dir='ltr'>quod</span> <span class='ocrx_word' id='word_1_314' title='bbox 825 4374 890 4440; x_wconf 91' lang='lat' dir='ltr'>tria</span> <span class='ocrx_word' id='word_1_315' title='bbox 903 4374 956 4440; x_wconf 85' lang='lat' dir='ltr'>vix</span> <span class='ocrx_word' id='word_1_316' title='bbox 972 4375 1100 4444; x_wconf 82' lang='lat' dir='ltr'>ridetur</span> <span class='ocrx_word' id='word_1_317' title='bbox 1118 4375 1165 4442; x_wconf 88' lang='lat' dir='ltr'>ita</span> <span class='ocrx_word' id='word_1_318' title='bbox 1180 4398 1402 4444; x_wconf 88' lang='lat' dir='ltr'>commemora-</span> 
     </span>
     <span class='ocr_line' id='line_1_39' title="bbox 280 4473 1406 4563; baseline 0 -20"><span class='ocrx_word' id='word_1_319' title='bbox 280 4482 371 4543; x_wconf 87' lang='lat' dir='ltr'>turos</span> <span class='ocrx_word' id='word_1_320' title='bbox 387 4477 496 4562; x_wconf 18' lang='lat' dir='ltr'>*husae</span> <span class='ocrx_word' id='word_1_321' title='bbox 520 4477 722 4558; x_wconf 83' lang='lat' dir='ltr'>Plutarchus,</span> <span class='ocrx_word' id='word_1_322' title='bbox 749 4477 828 4562; x_wconf 87' lang='lat' dir='ltr'>quin</span> <span class='ocrx_word' id='word_1_323' title='bbox 854 4477 890 4542; x_wconf 91' lang='lat' dir='ltr'>in</span> <span class='ocrx_word' id='word_1_324' title='bbox 918 4478 1071 4560; x_wconf 86' lang='lat' dir='ltr'>proximis</span> <span class='ocrx_word' id='word_1_325' title='bbox 1098 4479 1302 4563; x_wconf 86' lang='lat' dir='ltr'>participium</span> <span class='ocrx_word' id='word_1_326' title='bbox 1325 4473 1406 4544; x_wconf 80' lang='grc' dir='ltr'><strong><em>σίνα-</em></strong></span> 
     </span>
    </p>
   </div>
   <div class='ocr_carea' id='block_1_3' title="bbox 280 4577 1403 4669">
    <p class='ocr_par' dir='ltr' id='par_1_4' title="bbox 280 4577 1403 4669">
     <span class='ocr_line' id='line_1_40' title="bbox 280 4577 1403 4669; baseline 0.008 -25"><span class='ocrx_word' id='word_1_327' title='bbox 280 4577 518 4664; x_wconf 81' lang='grc' dir='ltr'><strong><em>λαμβάνουσαν</em></strong></span> <span class='ocrx_word' id='word_1_328' title='bbox 551 4581 669 4666; x_wconf 87' lang='lat' dir='ltr'>plurali</span> <span class='ocrx_word' id='word_1_329' title='bbox 701 4602 834 4651; x_wconf 89' lang='lat' dir='ltr'>numero</span> <span class='ocrx_word' id='word_1_330' title='bbox 862 4581 1057 4650; x_wconf 83' lang='lat' dir='ltr'>efferendum</span> <span class='ocrx_word' id='word_1_331' title='bbox 1085 4582 1181 4652; x_wconf 78' lang='lat' dir='ltr'>husae</span> <span class='ocrx_word' id='word_1_332' title='bbox 1208 4583 1277 4653; x_wconf 91' lang='lat' dir='ltr'>iure</span> <span class='ocrx_word' id='word_1_333' title='bbox 1303 4584 1403 4669; x_wconf 86' lang='lat' dir='ltr'>suspi-</span> 
     </span>
    </p>
   </div>
   <div class='ocr_carea' id='block_1_4' title="bbox 0 0 1772 5392">
    <p class='ocr_par' dir='ltr' id='par_1_5' title="bbox 0 0 1772 5392">
     <span class='ocr_line' id='line_1_41' title="bbox 0 0 1772 5392; baseline 0 3"><span class='ocrx_word' id='word_1_334' title='bbox 0 0 1772 5392; x_wconf 95' lang='lat' dir='ltr'> </span> 
     </span>
    </p>
   </div>
  </div>
 </body>
</html>
