3534 5392
873 452 1084 523 ..ςσ-

429 616 660 706 gravissimum,
684 615 770 700 quod
791 637 862 682 cum
883 616 918 681 in
940 616 1092 698 proximis
1113 615 1291 698 praehactc
1318 621 1419 703 neget
1437 614 1545 698 aliqua

422 747 530 791 rerum
559 723 755 808 proprietate
782 722 1041 808 gravissimarum
1071 721 1142 788 tolli
1169 722 1443 799 communionem,
1474 741 1545 788 cou-

424 830 593 896 sectarium
611 833 661 894 est
680 829 834 894 amasiam
855 849 878 895 s.
897 827 1064 910 psaltriam
1085 848 1149 893 non
1170 827 1309 909 potuisse
1323 826 1391 892 dici
1412 826 1449 890 iu
1468 844 1550 890 com·

419 953 547 1000 munem
574 951 667 996 usum
695 931 869 996 amicorum
897 929 939 994 ad
971 950 1082 994 cenam
1109 927 1289 994 adhibitam
1315 928 1432 1005 fuisse,
1455 926 1551 990 immo

418 1034 453 1100 in
473 1034 665 1100 contrariam
686 1033 766 1098 h'aec
786 1036 912 1114 partem
933 1030 1040 1096 efferri
1061 1030 1236 1113 oportebat.
1255 1029 1346 1109 Quod
1368 1051 1445 1095 cum
1465 1032 1550 1092 recte

418 1137 602 1204 iamdudum
628 1135 828 1220 intellegeret
854 1135 1017 1213 Reiskius,
1049 1135 1183 1201 eximius
1210 1136 1317 1214 homo,
1340 1133 1550 1200 Plutarchum

417 1241 541 1308 dedisse
568 1241 772 1308 existimabat
801 1234 839 1306 οὗ
863 1240 958 1304 κοινὰ
989 1242 1093 1304 ταῦτα
1124 1240 1242 1326 φίλων.
1287 1240 1350 1306 Sed
1373 1240 1545 1322 inportune

417 1347 559 1432 lepidum
578 1347 658 1413 mihi
678 1347 739 1412 hoc
760 1343 885 1412 ridetur
907 1349 940 1410 et
954 1343 1019 1409 alia
1040 1344 1146 1426 potius
1166 1343 1354 1426 temptanda
1376 1341 1544 1417 medicina

419 1471 483 1535 qua
510 1449 636 1532 planior
664 1448 834 1514 verborum
867 1446 1059 1512 constructio
1088 1451 1121 1512 ct
1150 1448 1308 1513 sententia
1346 1447 1546 1512 restituatm.

415 1549 531 1616 Verbis
553 1551 638 1616 enim
655 1549 773 1616 leniter
785 1548 917 1613 mutatis
930 1547 1134 1615 Plutarchum
1153 1549 1201 1615 ita
1214 1549 1379 1632 scripsisse
1400 1550 1543 1632 suspicor

416 1646 500 1717 ἀλλ’
524 1646 607 1716 οὐδ’
631 1644 653 1715 di
661 1677 678 1715 ν
700 1648 866 1738 ἐρωμένην
887 1672 938 1726 τις
957 1641 978 1735 ἢ
995 1647 1163 1738 ψάλτριαν
1185 1644 1248 1738 ἥκῃ
1267 1646 1425 1734 κομίζων,
1451 1648 1546 1714 κοινὰ

414 1759 518 1824 ταῦτα
542 1753 668 1844 φίλων,
696 1753 764 1820 ἵνα
786 1753 831 1819 τὸ
855 1748 1123 1836 duciacinse
1148 1750 1341 1844 χρήματα
1372 1751 1546 1841 γίνηται

414 1863 499 1930 κατὰ
529 1862 587 1929 τὸν
605 1856 832 1951 Ἀναξαγόραν
860 1862 892 1928 h.
914 1884 940 1926 e.
966 1864 1019 1926 aed
1044 1885 1079 1928 ne
1105 1870 1169 1928 tam
1196 1865 1312 1946 quidm
1339 1864 1455 1947 ρααναίο
1480 1866 1546 1944 quie

412 1974 553 2036 amaeam
574 1972 617 2034 vel
639 1971 799 2052 psaltriam
820 1972 852 2030 in
873 1989 971 2032 σονονα
991 1968 1165 2045 morea,
1194 1971 1264 2032 haec
1284 1972 1452 2031 οουναιυονυ
1476 1968 1544 2028 eunt

411 2082 580 2154 amicorum,
604 2080 638 2138 ut
658 2095 716 2138 aare
737 2077 831 2137 οανίοί
852 2073 931 2135 illud
950 2072 1143 2156 Αναοαρονοο
1163 2093 1258 2135 manee
1280 2094 1328 2135 rea
1350 2092 1448 2134 unum
1459 2068 1540 2148 fieri.

413 2180 568 2247 Librariis
597 2177 749 2244 articulus
771 2174 810 2239 τό
833 2174 978 2240 fraudem
1006 2173 1096 2253 fecit,
1127 2196 1220 2260 quem
1247 2196 1319 2240 cum
1346 2192 1542 2256 concoquere

416 2305 479 2348 non
501 2286 637 2365 possent
657 2279 871 2361 depravarunt
889 2277 925 2340 in
941 2273 992 2353 τά,
1008 2297 1047 2340 ac
1061 2276 1161 2341 multo
1176 2276 1289 2357 opinor
1309 2275 1437 2339 facilior
1460 2266 1544 2352 ὁμοῦ

413 2385 556 2452 adverbii
573 2388 646 2467 post
667 2381 705 2446 ad
728 2385 797 2448 erat
818 2379 990 2462 omissio.*)

496 2489 601 2554 Minus
620 2486 751 2564 lubrica
773 2491 810 2550 ut
830 2483 872 2548 ad
891 2482 1074 2547 institutum
1094 2500 1271 2546 sermonem
1291 2487 1445 2559 revertar,
1465 2498 1535 2560 sup·

410 2597 493 2680 petit
505 2594 653 2665 medendi
666 2593 725 2672 via,
747 2591 864 2674 quippe
887 2589 1023 2655 aliorum
1039 2587 1180 2652 locorum
1201 2588 1429 2671 conparatione
1444 2605 1532 2668 prae·

409 2703 597 2777 monstrata,
620 2697 718 2764 veluti
737 2695 772 2761 in
793 2695 854 2760 hoc
875 2694 926 2758 III
948 2701 976 2772 5,
998 2699 1018 2762 2
1041 2715 1071 2777 p.
1087 2693 1178 2760 asub
1200 2695 1321 2774 ταῦτα,
1345 2683 1535 2778 εἶπεν**)ὁ
1606 2776 1611 2786 ·

415 2805 568 2894 Φλῶρος,
602 2794 755 2888 ἄντικρυς
784 2795 831 2876 εἰς
859 2797 917 2864 τὸν
944 2794 1111 2887 Πύρρωνα
1140 2799 1196 2865 διὰ
1225 2802 1285 2863 τοῦ
1305 2795 1536 2888 Πρωταγόρου

410 2909 509 2998 φέρει
524 2901 619 2992 ἡμᾶς.
647 2905 692 2982 ΙΙα
709 2904 759 2968 his
775 2902 1045 2969 evidentissimum
1060 2907 1107 2966 est
1124 2897 1209 2987 ἡμᾶς
1230 2901 1341 2966 deberi
1359 2902 1481 2978 scribis
1501 2899 1536 2962 in

409 3007 470 3071 hoc
492 3026 607 3090 genere
631 3002 885 3084 interpolationis
914 3001 999 3066 ultra
1026 2999 1154 3066 modum
1179 2999 1354 3068 luxuriatis.
1399 3002 1532 3067 Eodem-

409 3129 471 3192 que
492 3105 586 3172 modo
606 3104 775 3170 Plutarcho
795 3101 1016 3186 opitulandum
1036 3104 1071 3167 in
1090 3103 1232 3170 eiusdem
1252 3105 1448 3189 quaestionis
1468 3103 1535 3168 loco

407 3227 437 3290 p.
470 3204 562 3272 6521}
595 3201 626 3269 oi
655 3203 691 3269 dd
724 3201 876 3280 πίνοντες
906 3201 1013 3268 πολὺν
1045 3195 1192 3292 deputor
1219 3201 1422 3297 ἀμβλύτεροι
1451 3202 1535 3294 πρὸς

406 3307 467 3388 τὰς
488 3305 666 3386 συνουσίας
687 3303 761 3387 εἶσί,
785 3305 842 3373 καὶ
864 3308 1060 3396 σπείρουσιν
1077 3301 1180 3373 οὐθὲν
1199 3302 1247 3386 εἰς
1262 3309 1389 3395 γένεσιν
1405 3307 1533 3399 ἰσχυρὸν

473 3513 501 3578 *)
522 3513 646 3567 Similiter
664 3515 806 3567 titubarunt
825 3515 922 3569 librarii
942 3519 1012 3585 apud
1030 3517 1182 3570 Nemesium
1199 3535 1225 3586 p.
1241 3519 1343 3586 sloh,
1362 3523 1409 3574 ubi
1428 3523 1455 3572 in
1473 3519 1530 3570 eod.

404 3601 496 3654 Dresd.
518 3602 529 3651 1
553 3602 580 3652 in
599 3601 686 3653 verbis
705 3594 796 3654 πάντα
813 3603 844 3656 di
862 3593 898 3670 ἦν
915 3603 1025 3671 ἀληθῶς
1045 3602 1119 3676 ὁμοῦ
1137 3602 1267 3679 χρήματα
1295 3609 1348 3660 duo
1366 3597 1530 3676 postremae

404 3707 483 3743 mauu
502 3693 599 3744 receuti
617 3693 714 3744 inserta
733 3699 800 3746 sunt.

473 3776 516 3846 *it
537 3777 628 3832 Utrum
647 3781 742 3832 rectius
762 3782 890 3834 scribatur
909 3780 981 3834 ταῦτ’
1005 3776 1082 3837 εἶπεν
1101 3800 1134 3836 au
1152 3787 1235 3838 ταῦτα
1255 3780 1332 3840 εἶπεν
1350 3795 1376 3840 et
1396 3789 1425 3841 id
1443 3801 1524 3854 genus

401 3871 465 3942 alia,
483 3878 561 3938 prout
578 3886 648 3924 nuuc
667 3877 707 3923 est
726 3887 777 3938 res,
796 3872 873 3939 plane
895 3873 1076 3940 inconpertum
1094 3881 1134 3928 est
1154 3876 1223 3941 apud
1238 3876 1412 3933 Plutarchum.
1437 3877 1527 3940 Quam-

403 3976 481 4028 quam
493 3961 518 4012 in
534 3975 593 4012 eam
609 3962 694 4026 magis
716 3962 813 4014 inclino
832 3965 987 4017 sententiam
1000 3971 1028 4016 ut
1045 3964 1167 4030 vocales,
1186 3979 1255 4031 quae
1271 3967 1466 4032 pronuntiando
1484 3963 1527 4014 eli⁴

335 4103 337 4108 ,
404 4050 540 4116 debentur,
558 4050 586 4099 in
599 4048 739 4118 archetypo
753 4050 885 4104 Plutarchi
902 4051 994 4105 litteris
1006 4054 1114 4120 saepius
1126 4069 1265 4120 expressas
1279 4055 1364 4111 luisse
1374 4056 1526 4114 existimem,

401 4151 481 4202 quam
501 4137 622 4190 omissas.
649 4136 778 4191 Videntur
795 4146 883 4191 autem
903 4140 994 4192 Graeci
1014 4142 1066 4208 ipsi
1084 4142 1111 4194 io
1129 4141 1183 4194 hoc
1205 4158 1302 4208 genere
1319 4143 1386 4196 nihil
1403 4141 1526 4196 hahuisse

401 4225 481 4275 lixum
499 4230 525 4277 et
544 4225 689 4290 delinitum,
711 4227 760 4277 sed
777 4227 811 4278 ad
829 4243 907 4278 suum
925 4243 1057 4294 quemque
1076 4230 1209 4283 arbitrium
1226 4245 1287 4284 cum
1305 4246 1409 4283 summa
1425 4227 1525 4282 licentia

399 4316 480 4366 modo
505 4313 558 4368 hoc
581 4317 661 4368 modo
691 4316 756 4368 illud
780 4325 958 4384 praeoptasse.
1012 4320 1087 4382 Quod
1115 4323 1277 4374 mouendum
1307 4323 1368 4374 duxi
1393 4316 1522 4381 Htrsehissi

399 4415 487 4468 eausa,
508 4415 587 4466 quem
607 4402 715 4454 nimium
741 4401 825 4454 luisse
848 4404 874 4454 in
894 4402 982 4455 hiatus
998 4405 1116 4456 terminis
1135 4405 1178 4456 rel
1200 4406 1357 4458 coercendis
1377 4404 1420 4457 vel
1435 4399 1519 4468 prola·

396 4491 483 4542 undis
501 4505 571 4543 nunc
591 4491 699 4556 quidem
717 4492 845 4562 conseres
856 4499 919 4560 puto
941 4493 1000 4558 (etr.
1013 4490 1263 4547 Buecheeuschuetz
1280 4495 1308 4546 in
1320 4492 1414 4546 Philet.
1431 4484 1519 4550 XVllls

396 4582 412 4632 2
431 4597 457 4648 p.
476 4583 550 4641 281).
