3534 5392
849 463 1059 528 ..gg-

405 630 576 698 offensione
598 627 703 694 dicere
725 626 846 716 ιρυγῦς
870 625 990 706 ἕλκων,
1019 626 1055 692 id
1081 626 1167 712 quod
1188 625 1386 694 Meinelrium
1412 644 1536 706 permo-

403 739 485 805 visse
507 737 645 814 videtur,
671 740 708 800 ut
729 755 830 817 nuper
852 733 912 800 hos
932 755 1041 800 versus
1062 735 1110 800 ita
1131 733 1269 800 scribere
1290 734 1500 817 praeoptaret

580 844 652 915 ἀλλ’
672 840 712 936 ἦν
734 845 781 914 ὅτ’
805 847 839 915 ἒν
863 844 1023 937 φιύσσιυνι
1043 848 1101 938 τὴν
1123 846 1199 938 ἴσην
1219 846 1300 932 igion

575 947 645 1034 μοι’
668 950 751 1034 ἐμοῦ
772 950 866 1036 διῆγε
887 955 1019 1040 μοῖραν,
1044 951 1148 1018 ἕλκων
1168 955 1225 1039 τῆς
1243 951 1373 1041 τρυγός,

408 1071 469 1135 hoo
498 1074 622 1148 tamen,
653 1074 814 1153 utcunque
836 1069 1003 1148 statuitur,
1034 1074 1126 1135 extra
1154 1091 1280 1136 omnem
1303 1070 1540 1137 dubitationem

408 1168 546 1250 positum
562 1175 617 1250 est,
641 1169 806 1236 Cratinum
828 1169 1007 1254 siguificare
1026 1170 1188 1238 bominem
1208 1171 1336 1239 infimae
1358 1173 1465 1252 sortis,
1485 1173 1540 1256 qui

409 1279 633 1356 praeterquam
663 1274 748 1359 quod
778 1273 834 1339 vili
853 1273 955 1340 lintea
977 1278 1063 1338 veste
1085 1274 1215 1340 indutus
1237 1280 1320 1354 erat,
1350 1275 1538 1355 vilissimam

413 1379 510 1444 etiam
531 1380 655 1446 biberet
675 1400 819 1462 vappam.
863 1379 913 1444 Ex
935 1378 996 1445 hoe
1014 1381 1113 1464 igitur
1133 1381 1203 1447 loco
1224 1382 1307 1447 nihil
1327 1383 1446 1465 opinor
1467 1402 1538 1446 eon·

410 1483 495 1549 cludi
522 1490 648 1566 poterat
675 1485 714 1553 de
740 1483 856 1552 latiore
888 1483 1033 1550 vocabuli
1061 1482 1142 1569 ιρύξ
1169 1484 1357 1570 significatu.
1410 1485 1478 1551 Has
1499 1483 1538 1549 ob

409 1589 549 1654 rationes
579 1611 675 1655 unam
704 1589 848 1654 voculam
879 1608 987 1654 errore
1019 1588 1147 1654 librarii
1175 1589 1209 1652 in
1238 1588 1404 1653 Plutarchi
1435 1586 1539 1652 verbis

411 1694 559 1758 omissam
580 1695 722 1776 suspicor
744 1698 777 1760 et
797 1691 980 1758 huiusmodi
994 1691 1091 1757 fuisse
1110 1712 1218 1758 veram
1234 1692 1390 1758 orationis
1404 1691 1539 1756 formam

411 1797 444 1866 oi
466 1799 502 1865 δὲ
524 1797 667 1865 παλαιοὶ
693 1798 749 1865 καὶ
770 1794 873 1887 τρύγα
894 1796 950 1864 οόν
972 1804 1067 1864 νέον
1096 1789 1185 1865 οἶνον
1207 1790 1361 1886 ἄντικρυς
1383 1793 1533 1863 ἐκάλουν.

409 1902 515 1987 Atque
538 1903 591 1969 hic
612 1904 741 1988 quidem
764 1903 880 1970 erroris
900 1924 995 1970 causa
1013 1924 1138 1987 quoque
1159 1902 1330 1970 manifesta
1351 1907 1402 1968 est
1424 1901 1459 1968 in
1473 1905 1533 1966 ter·

407 2009 580 2076 minatione
603 2035 640 2075 ον
653 2011 702 2078 bis
723 2011 835 2093 posita,
856 2032 994 2096 quarum
1014 2031 1111 2094 quam
1130 2009 1225 2077 facile
1246 2010 1372 2077 hauriri
1394 2007 1534 2094 potuerit
1651 2096 1652 2101 ρ

410 2116 571 2195 alterutra,
593 2117 682 2182 nulla
705 2121 777 2202 eget
798 2117 1076 2183 demonstratione.

495 2221 533 2284 In
554 2222 743 2304 quaestione
766 2242 822 2287 eur
843 2221 1047 2306 Pythagorici
1067 2219 1203 2302 piscium
1228 2219 1431 2301 potissimum
1452 2238 1537 2284 esum

388 2341 389 2347 ’
411 2327 559 2422 detestati
578 2327 696 2394 fuerint
716 2327 804 2407 VIII,
826 2332 853 2406 8,
871 2333 890 2396 3
909 2349 939 2409 p.
955 2326 1047 2395 vaod
1068 2322 1150 2391 lidan
1169 2319 1208 2391 ού
1229 2319 1309 2414 παρ’
1330 2319 1536 2412 Αἰγυπτίοις
1651 2328 1652 2347 ’

409 2428 512 2512 μόνον
535 2424 614 2496 οὐδὲ
634 2428 771 2519 Σύροις,
795 2425 881 2496 ἀλλὰ
911 2429 966 2494 καί
987 2425 1067 2518 παρ’
1091 2425 1229 2515 Ἕλλησι
1251 2429 1383 2516 γέγονεν
1405 2421 1536 2514 ἁγνείας

409 2533 512 2624 μέρος
535 2528 673 2621 ἀποχὴ
703 2529 876 2616 ἰχθύσιν,
909 2534 1110 2612 Benselerus,
1140 2553 1283 2598 morosus
1304 2530 1448 2617 alioquin
1468 2528 1533 2594 bia-

409 2645 499 2706 tuum
521 2663 592 2706 osor
614 2643 709 2725 atque
731 2641 917 2726 exagitator,
938 2639 1045 2706 verbis
1068 2631 1178 2724 ἆποχὴ
1201 2633 1336 2718 ἰχθύων.
1359 2644 1396 2703 ut
1417 2641 1450 2702 in
1463 2639 1535 2700 certo

410 2750 489 2808 ritas
508 2751 642 2811 solemnis
660 2750 780 2824 νωιοῦιι,
803 2744 885 2810 nihil
907 2743 1044 2810 offensus
1065 2748 1125 2820 est,
1145 2743 1181 2806 in
1201 2762 1264 2826 quo
1282 2741 1401 2808 iudicio
1417 2736 1534 2824 siquid
1651 2814 1652 2843 ρ

410 2849 500 2914 video
514 2851 567 2915 vix
581 2871 778 2933 quemquam,
799 2850 895 2915 modo
915 2848 1056 2933 aliquam
1076 2848 1190 2913 harum
1209 2867 1316 2913 rerum
1338 2847 1457 2914 habeat
1475 2865 1527 2908 no·
1651 2850 1652 2867 ¹

409 2952 527 3030 titiam,
550 2952 781 3018 adsentientem
802 2952 945 3019 habebit.
988 2952 1119 3017 Prorsus
1140 2951 1225 3018 enim
1246 2950 1370 3018 alienae
1385 2955 1472 3028 sunt,
1494 2945 1533 3013 ad

411 3053 547 3136 speeiem
560 3055 703 3138 quamvis
724 3055 849 3135 similes,
871 3054 1052 3120 huiusmodi
1073 3055 1306 3137 conpositiones
1328 3077 1426 3121 unam
1447 3050 1533 3137 quasi

409 3159 571 3225 notionem
595 3161 768 3228 formantes
789 3183 827 3228 ac
849 3166 917 3228 tam
940 3166 1027 3227 certo
1047 3151 1166 3245 ubique
1188 3161 1314 3228 foedere
1336 3161 1479 3237 iunctae,
1499 3160 1533 3220 ul

408 3265 549 3350 legentes
581 3264 674 3333 facile
699 3267 993 3349 praeterlabantur,
1021 3265 1120 3331 veluti
1134 3266 1312 3340 ῗιακτικοῦ
1340 3262 1398 3329 καὶ
1428 3257 1531 3350 ἅρμο-

410 3373 502 3437 νικοῦ
524 3366 644 3458 ἄνδρός
663 3375 824 3454 perae,
853 3369 1013 3459 ἐρωτικοῦ
1043 3363 1165 3456 ύνδρύς
1189 3389 1220 3450 p
1243 3367 1334 3434 7-51b
1359 3359 1531 3455 (ἐρωτικὸς

411 3468 492 3563 ἀνήρ
521 3495 551 3556 p.
580 3475 684 3553 65411,
715 3475 793 3539 conl.
821 3495 851 3556 p.
882 3474 981 3541 761b
1010 3469 1227 3558 συγκλητικὸς
1256 3465 1339 3559 ἆνὴρ
1369 3491 1399 3553 p.
1423 3468 1530 3550 73⁷⁰),
1651 3458 1652 3477 ¹

410 3577 618 3660 θριαμβικοῦ
641 3568 763 3661 ἀνδρός
783 3575 891 3658 Pomp.
913 3579 955 3640 24
976 3573 1027 3639 vel
1046 3573 1205 3659 γυμνικοῦ
1233 3566 1361 3657 ἀγῶνος
1388 3593 1420 3654 p.
1443 3565 1529 3636 6381)
1651 3632 1652 3649 ,

409 3675 459 3740 vel
473 3674 569 3740 etiam
591 3677 650 3740 τοῦ
670 3677 776 3741 καλοῦ
787 3673 982 3762 Ἀγάθωνος
1003 3696 1033 3760 p.
1045 3679 1212 3753 645eeet,
1234 3693 1369 3758 quorum
1387 3669 1527 3753 exempla
1651 3718 1652 3723 η

409 3781 554 3847 omnibus
568 3787 715 3866 prompta
736 3787 856 3849 suntet
872 3781 966 3849 obvia
979 3803 1017 3849 ac
1031 3779 1200 3848 Benselero
1214 3800 1350 3845 suasore
1364 3779 1478 3846 merito
1495 3774 1527 3838 in

410 3885 538 3948 civitate
558 3889 697 3964 retenta,
729 3886 791 3952 sed·
807 3907 889 3970 quae
910 3885 1084 3952 cavendum
1106 3888 1155 3950 est
1174 3906 1215 3950 ne
1237 3905 1310 3949 cum
1330 3881 1528 3951 dissimilibus
1651 3866 1652 3935 ἦ

409 3992 635 4070 conponantur.
671 3990 721 4055 -In
743 3983 805 4075 quo
827 3990 947 4056 adhoc
967 3991 1168 4074 potissimum
1198 3989 1369 4076 diligenter
1390 3990 1525 4056 animum
1651 4062 1652 4083 ρ

408 4090 529 4156 adverti
550 4112 677 4160 necesse
699 4099 761 4174 eet,
784 4098 820 4160 ut
840 4093 1009 4161 mutabilia
1028 4095 1250 4160 discernantur
1278 4094 1319 4160 ab
1346 4088 1521 4159 immutabi-

408 4188 500 4256 libus.
551 4190 656 4274 Atque
687 4191 769 4258 fixae
798 4192 928 4277 quidem
966 4192 1043 4258 illae
1072 4192 1237 4258 iuncturae
1274 4193 1352 4278 quid
1381 4184 1525 4260 momenti

408 4285 555 4354 adferant
585 4289 696 4355 hiatui.
710 4291 890 4358 excusando
910 4292 1029 4376 optime
1050 4293 1251 4376 cognoscitur
1279 4293 1322 4372 si,
1344 4292 1469 4377 quando
1489 4307 1525 4354 ex

409 4390 503 4455 solito
524 4392 695 4458 variaverit
721 4399 833 4460 auctor
854 4415 919 4480 qua
939 4394 1063 4460 ratione
1090 4393 1125 4458 id
1145 4393 1265 4460 factum
1293 4396 1350 4476 sit,
1379 4395 1522 4463 adcurate

407 4497 666 4578 perscrutaberis.
718 4499 812 4565 Cvrius
848 4500 897 4566 rei
927 4520 1081 4585 perquam
1109 4499 1315 4569 memorabile
1352 4499 1525 4584 exemplum

410 4599 497 4662 extat
517 4596 552 4660 in
572 4595 689 4664 Erotio.
712 4617 743 4682 p.
767 4600 874 4681 754d,
894 4601 952 4667 ubi
974 4622 1046 4667 cum
1062 4600 1128 4668 leni
1148 4603 1318 4671 verborum
1347 4601 1524 4672 traiectbno
1651 4642 1652 4687 ρ
