3534 5392
699 475 912 546 „07-

223 630 286 701 ¹¹tus
307 643 355 704 est
375 645 412 705 ut
433 641 517 708 nihil
538 641 743 722 desideretur,
761 641 878 728 legitur
896 641 968 708 libr.
991 639 1077 720 XIV,
1097 647 1302 722 6533127,
1323 641 1364 710 2³

242 732 381 806 hairico
414 737 444 806 δ’
469 737 488 830 ἡ
512 738 629 820 Ῥόδος
647 738 811 832 πρότερον
842 737 1030 830 Ὀφιοῦσσα
1053 741 1110 808 καὶ
1130 738 1268 822 Evodio,
1292 734 1363 808 εἶτα

270 841 384 924 ιλχινίς
413 839 486 912 ἀπὸ
511 850 575 912 τῶν
606 841 809 934 οἰκησάντων
835 841 996 928 Τελχίνων
1022 844 1079 933 τήν
1107 849 1221 930 νῆσον,
1246 837 1303 923 οὓς
1333 843 1366 912 οἳ

299 950 509 1055 ιβασκάνους
541 953 627 1041 φασὶ
655 951 712 1018 καὶ
742 951 863 1040 γόητας
896 947 1005 1039 θείη)
1037 950 1363 1039 καταρρέοντας

262 1101 270 1120 ι
301 1059 360 1145 τῆς
390 1060 518 1147 Στυγὸς
555 1056 645 1148 ὕδωρ
675 1056 765 1146 ζῴων
793 1083 827 1125 τε
856 1060 912 1126 καὶ
939 1061 1052 1148 φυτῶν
1081 1053 1228 1146 ὀλέθρου
1256 1055 1363 1146 χάριν.

234 1158 269 1223 ln
290 1160 341 1226 his
363 1183 440 1230 eum
462 1169 572 1248 aperte
593 1165 741 1230 vitiosum
763 1165 806 1228 sit
827 1161 913 1249 θείην
935 1201 979 1212 -
998 1186 1073 1229 nam
1093 1163 1206 1228 inscite
1219 1163 1365 1230 redditur

231 1262 269 1327 ab
292 1264 471 1348 interprete
493 1268 611 1348 sulfure
638 1269 799 1332 οιλιυλείουι
831 1269 977 1332 instillare
996 1273 1091 1350 stygia
1112 1290 1222 1351 σφισιν,
1245 1305 1286 1316 -
1308 1268 1364 1334 alii

230 1368 290 1434 alia
309 1373 491 1453 periclitati
511 1380 593 1442 sunt.
638 1373 700 1440 Sed
720 1394 834 1457 parurn
852 1373 958 1456 placet
977 1373 1117 1440 Meineki
1140 1369 1284 1461 φθόνφ,·
1309 1377 1361 1440 vix

231 1473 312 1536 enim
332 1474 537 1562 intellegitur
557 1477 634 1561 quid
650 1498 729 1560 opus
750 1475 847 1541 luerit
866 1480 904 1539 ut
919 1474 1086 1541 Telchines
1106 1475 1362 1541 laseinandarum

230 1575 405 1647 herbarum
428 1584 523 1665 periti
543 1582 671 1668 Stygiae
685 1603 787 1666 aquae
811 1581 1002 1667 adspergine
1016 1582 1245 1648 Rhodiensium
1257 1588 1362 1650 terrae

229 1679 415 1750 vastitatem
431 1706 506 1766 prae
525 1687 638 1747 invidio
658 1683 802 1749 intulisse
823 1682 1023 1764 dicerentur3
1043 1683 1176 1766 perinde
1202 1685 1287 1752 enim
1305 1692 1361 1764 est

229 1783 334 1846 utrum
363 1805 462 1868 quem
495 1784 582 1850 dieas
613 1781 834 1869 βασκαντικὴν
864 1779 949 1865 tigata
978 1781 1045 1862 ἕξιν
1071 1805 1113 1850 eu
1141 1784 1360 1872 φθονητικὴν,

229 1905 329 1969 neque
352 1890 442 1974 quod
463 1890 584 1956 alienos
610 1891 681 1974 quis
703 1911 795 1974 agros
817 1910 947 1955 vexasse
976 1889 1164 1972 perhibetur
1191 1890 1360 1970 veneficiis,

228 1988 261 2052 id
282 2013 357 2056 eum
380 1993 447 2060 alia
468 1994 508 2060 de
528 2017 625 2060 eausa
638 1996 749 2060 fecisse
772 1994 924 2060 credibile
946 2000 1001 2072 est
1023 2015 1119 2076 quam
1132 1995 1217 2078 quod
1236 1995 1359 2060 alienae

229 2091 395 2162 felicitatis
418 2098 461 2162 sit
479 2098 612 2164 invidus.
664 2099 768 2182 Atque
798 2097 874 2162 hino
902 2097 1030 2181 quidem
1059 2098 1262 2164 Telchinibus
1289 2121 1359 2183 per·

228 2199 361 2272 potuum
380 2198 450 2264 lere
471 2200 537 2263 τῶν
560 2202 739 2288 φθονερῶν
767 2199 915 2266 adhaesit
943 2220 1066 2266 nomen.
1116 2201 1307 2268 Prudentius
1327 2204 1362 2268 ni

121 2349 123 2360 ι
229 2298 322 2367 fallor
343 2327 416 2372 rem
438 2307 504 2390 egit
525 2307 580 2389 qui
600 2307 721 2388 primus
751 2305 902 2372 adcurate
923 2306 963 2372 de
985 2306 1188 2373 Telchinibus
1213 2307 1363 2374 disseruit

229 2403 411 2475 Lobeekius
433 2410 693 2496 inrlglaophamo
713 2432 744 2492 p.
765 2418 845 2479 1190
859 2433 935 2496 sqq.,
957 2417 1080 2478 tantam
1101 2410 1290 2480 eruditionis
1309 2439 1360 2482 eo·

229 2509 317 2588 piam
336 2534 534 2596 expromens,
547 2519 583 2578 ut
603 2514 687 2596 quod
703 2513 840 2579 addatur
860 2514 943 2579 nihil
957 2515 1024 2580 fere
1039 2516 1211 2599 reliquerit.
1256 2518 1288 2582 Is
1302 2541 1361 2600 pro

231 2620 317 2710 θείῳ
349 2626 516 2692 substituit
545 2622 664 2712 ληίιυν,
694 2625 783 2690 euius
808 2631 917 2690 tamen
945 2623 1015 2689 loeo
1043 2623 1230 2690 Strabonem
1257 2629 1363 2707 potius

232 2719 341 2814 ἀγρῶν
372 2731 423 2796 vel
453 2733 590 2819 καρπῶν
620 2729 778 2794 dicturum
810 2728 908 2794 fuisse
935 2732 1022 2793 recte
1053 2729 1234 2795 observasse
1267 2730 1362 2797 credo

231 2831 439 2902 Meinekium.
493 2834 576 2900 Nam
602 2857 716 2917 parum
749 2838 823 2916 apte
853 2833 967 2916 opinor
997 2835 1032 2899 in
1060 2839 1151 2900 tanta
1177 2836 1362 2903 animalium

229 2933 478 3021 plantarumque
499 2937 639 3018 pernicie
662 2936 781 3020 solique
804 2935 954 3001 vastitate
973 2936 1056 3003 solas
1078 2943 1202 3022 segetes
1231 2961 1268 3006 eo
1290 2963 1358 3023 spe·

232 3039 341 3108 oiatim
374 3043 502 3126 quidem
531 3040 637 3126 Stygis
663 3063 818 3126 aquarum
850 3041 1040 3126 adspergine
1068 3045 1292 3127 perpopulatas
1313 3049 1360 3114 di-

235 3146 342 3212 cturus
366 3145 484 3210 luisset.
527 3145 652 3222 Quanto
673 3145 791 3210 rectius
810 3142 943 3208 Nonnus
961 3143 996 3208 in
1017 3144 1158 3212 eiusdem
1179 3147 1364 3216 Telchinum

233 3245 386 3316 facinoris
408 3248 703 3315 commemoratione
725 3246 852 3331 Dionys.
866 3245 952 3324 XIV,
962 3251 1001 3312 36
1017 3267 1094 3329 sqq.,
1112 3247 1178 3312 iam
1199 3249 1364 3334 adlegatus

233 3352 272 3418 ab
294 3355 409 3422 eodem
430 3353 589 3421 Lobeckio

276 3470 331 3538 καὶ
357 3467 524 3558 φθονεροὶ
550 3467 762 3549 Τελχῖνες-
779 3503 821 3513 -
842 3503 885 3513 -

274 3574 370 3662 χερσὶ
390 3567 626 3661 βαρυζήλοισιν
649 3563 828 3658 ἀρυόμενοι
850 3566 973 3654 Στυγὸς
994 3565 1083 3658 ὕδωρ

280 3671 482 3766 ἄσπορον
505 3667 913 3763 εὐκάρπσισῬόδου
944 3670 1132 3758 ποίησαν
1164 3669 1320 3764 ἀλωήν,

277 3781 380 3850 ῧὸαοι
404 3780 624 3871 Ταρταρίοισι
648 3776 919 3868 περιρραίνοντες
932 3775 1097 3876 ἀρούρας.

240 3920 335 3990 (iuius
366 3925 429 3990 loci
457 3923 637 3990 meminisse
659 3923 754 3988 velim
779 3921 914 3989 lectores
944 3922 1000 3987 ubi
1027 3921 1067 3987 de
1088 3925 1256 4004 postremis
1277 3926 1364 3994 Stra

238 4027 330 4094 bonis
349 4029 454 4096 verbis
474 4028 566 4093 nobis
588 4048 690 4093 sermo
708 4026 779 4092 erit.
803 4023 1017 4110 Similiterque
1039 4026 1141 4093 simile
1155 4027 1367 4096 Eumenidum

238 4131 359 4201 facinus
382 4135 497 4199 cecinit
508 4131 681 4218 Aeschylus
702 4131 737 4194 in
758 4129 848 4194 Eum,
870 4152 898 4196 v.
912 4132 972 4195 786
982 4150 1036 4212 sq.‚
1053 4129 1109 4195 ubi
1121 4130 1235 4196 chorus
1250 4132 1366 4199 dicitur

744 4242 847 4309 πέδον
868 4239 1067 4322 ἐπισύμενος

398 4418 402 4422 .
448 4349 710 4443 βροτοφθόρους
733 4348 870 4436 κηλῖδας
892 4346 927 4412 ἐν
943 4342 1036 4436 χώρᾳ
1055 4347 1170 4429 βαλεῖν

241 4482 319 4548 conl.
341 4504 368 4547 v.
390 4483 454 4548 802
477 4501 522 4563 sq.
543 4483 577 4544 et
599 4476 785 4561 explicatius
807 4474 905 4538 etiam
926 4495 952 4536 v.
976 4475 1036 4539 811
1062 4473 1138 4560 (800
1160 4474 1282 4562 Herm.)
1311 4478 1367 4544 ubi

240 4584 376 4668 querelis
395 4581 607 4648 Eumenidum
628 4579 748 4650 inserta
768 4580 842 4642 sunt
861 4573 960 4640 verba
981 4572 1060 4644 haec
1238 4651 1242 4656 .

1163 4695 1202 4750 5*
