3534 5392
853 503 1067 567 -ςς-

390 667 460 732 loco
481 665 575 746 Vlll,
602 673 652 746 10,
676 671 694 734 3
716 687 746 750 p.
770 671 830 734 '135
843 690 869 734 e.
922 668 961 732 In
990 667 1041 733 his
1070 687 1143 732 cum
1171 664 1352 748 antiquitus
1379 657 1522 742 vulgetur

393 769 550 856 γλεύκους
572 771 636 852 (ita
657 776 743 838 recte
766 770 889 858 Steph.)
921 771 958 837 da*
978 769 1109 851 ζέοντος
1140 761 1205 834 ciel
1228 759 1523 853 ἄφαιρεῖσθαι

393 870 449 937 καὶ
464 870 540 950 τούς
555 869 695 961 ἐργάτας
718 870 871 952 δεδιότας
888 867 1026 961 ύριύμεκ,
1046 873 1184 939 editores
1199 871 1349 937 certatim
1366 865 1522 949 corrigere

394 975 535 1062 adgressi
556 982 630 1042 sunt
653 971 890 1067 ἀφαιρεῖσθαι,
913 979 1064 1043 nimirum
1085 976 1170 1062 qnod
1189 974 1311 1058 priscae
1326 971 1416 1037 illius
1437 971 1521 1034 aeta·

395 1078 436 1143 tis
456 1078 645 1144 domesticos
674 1101 738 1144 non
762 1079 842 1146 adeo
867 1079 930 1145 sibi
951 1080 1075 1145 furaces
1101 1078 1197 1144 finisse
1216 1073 1462 1160 persuaserunt,
1488 1069 1523 1131 ut

395 1181 430 1245 in
454 1202 563 1246 caveas
586 1181 785 1248 dominorum
814 1182 891 1249 boni
911 1183 1024 1249 malive
1047 1181 1169 1265 aliquid
1190 1179 1256 1244 vini
1277 1173 1409 1242 finandi
1431 1189 1525 1238 causa

396 1286 639 1352 descendissent.
683 1286 783 1354 Credo
802 1309 862 1372 ego
881 1309 991 1352 omnes
1010 1288 1150 1351 omnium
1170 1288 1311 1350 aetatum
1333 1275 1524 1345 domesticos

397 1389 524 1456 easdem
544 1412 668 1474 semper
687 1392 817 1458 incudes
837 1392 1009 1472 tutudisse,
1030 1390 1115 1474 quod
1133 1387 1284 1472 perfacile
1313 1390 1364 1450 est
1385 1376 1523 1464 experiri

396 1493 545 1574 cupienti.
590 1495 703 1579 Itaque
723 1495 805 1560 nihil
827 1495 970 1577 profecto
989 1494 1068 1558 mibi
1089 1493 1142 1558 hio
1165 1489 1368 1556 commissum
1388 1482 1522 1556 videtur,

395 1617 494 1679 quare
521 1597 562 1662 ad
588 1600 719 1665 verbum
742 1593 970 1689 ἀφαιρεῖσθαι
999 1595 1219 1683 corrigendum
1242 1592 1460 1677 peruginum
1486 1586 1522 1647 ui

397 1721 479 1765 unus
494 1707 593 1767 restet
609 1701 714 1769 hiatus
734 1705 945 1772 intolerabilis
959 1705 1044 1770 inter
1058 1697 1112 1769 ἆεί
1127 1706 1160 1768 et
1174 1695 1413 1788 ἀφαιρεῖσθαι,
1431 1708 1524 1776 quom

395 1802 504 1867 nescio
524 1824 566 1868 an
585 1805 695 1888 inepta
712 1806 823 1871 vocula
843 1800 898 1871 dei
918 1810 1042 1872 remota
1068 1805 1117 1869 ita
1137 1806 1224 1869 recte
1244 1797 1376 1885 regulae
1397 1811 1519 1861 accom-

397 1906 540 1975 modasse
555 1909 664 1976 videar
677 1909 832 1997 γλεύκους
849 1912 885 1979 δὲ
902 1908 1069 1992 ζέουτός
1090 1933 1130 1976 τι
1146 1902 1442 1995 deciperetur
1455 1893 1521 1960 κτλ.

486 2013 577 2091 Quod
597 2016 637 2082 de
658 2016 789 2082 ferendo
817 2018 939 2082 hiatu
929 2039 964 2081 m
985 2015 1165 2082 nominibus
1184 2009 1323 2096 propriis
1352 2005 1423 2072 dixi
1441 2000 1525 2067 idem

397 2119 499 2202 accipi
519 2120 590 2186 volo
620 2121 660 2188 de
686 2122 791 2189 verbis
812 2121 875 2215 ill,
898 2129 933 2200 7,
958 2130 1024 2204 lp.
1048 2126 1146 2199 oeae,
1165 2119 1220 2185 ubi
1254 2107 1524 2182 consentientibus

396 2221 488 2288 libris
507 2223 653 2289 omuibus
675 2220 845 2308 legitur‘
815 2248 848 2288 οι
871 2219 1145 2289 denotaretur&
1166 2214 1297 2307 τρύγα
1317 2213 1390 2280 τόυ
1411 2202 1523 2278 οἷκον

398 2315 551 2412 ἄντικρυς
570 2322 764 2406 e‘vo'olova,r
742 2322 857 2413 ιύσιτερ
879 2324 987 2450 ψγχὴυ
1010 2324 1066 2391 καὶ
1091 2320 1239 2411 κεφαλὴν
1259 2318 1316 2387 τὸν
1337 2311 1522 2405 ἅνθρωποι
1623 2346 1634 2362 .

398 2423 618 2512 εἷιύθαμεκ’
598 2426 667 2496 απὸ
688 2433 751 2494 τῶν
772 2425 985 2518 κυριωτάτων
1009 2423 1293 2515 υποκορίζισθαι,
1324 2421 1383 2490 καὶ
1403 2415 1523 2510 τρυγᾶν

397 2531 535 2618 λέγομεν
557 2532 634 2613 τούς
649 2535 876 2624 δρεπομένους
898 2533 955 2622 τὴν
971 2526 1193 2648 ἄμιιελύυηγ
1175 2528 1316 2620 οιτιύραυ
1334 2551 1406 2594 και
1397 2525 1521 2591 δια·

398 2632 570 2723 τρύγιύυ
602 2661 681 2704 που
704 2633 887 2762 ’Όγιηρος
919 2633 1105 2726 εἴρηκεν,
1132 2636 1166 2700 in
1194 2633 1309 2719 quibus
1335 2627 1522 2698 Benselaruss

398 2760 533 2823 propere
566 2765 634 2808 που
659 2743 695 2808 in
724 2739 831 2808 τύπου
862 2741 1050 2808 mutandum
1084 2739 1280 2822 opinabatur.
1330 2734 1405 2802 Non
1431 2724 1523 2798 credo

398 2847 545 2928 equidem
568 2847 628 2911 hoc
648 2847 777 2930 probari
798 2868 904 2930 posse,
926 2847 983 2912 sed
1003 2850 1135 2928 propter
1155 2841 1332 2909 sententiae
1350 2840 1458 2906 labem
1477 2832 1520 2898 le·

397 2945 534 3030 gendum
556 2967 622 3012 esse
643 2945 700 3032 τὴν
714 2938 938 3032 αμιτελίυιγκ’
920 2940 1058 3034 σισύραν
1079 2935 1127 3030 ἢν
1149 2939 1220 3008 καὶ
1242 2935 1435 3027 διατρύγιόν
1456 2954 1520 2999 που

391 3044 598 3137 ‘'pompos''
563 3074 702 3136 ειρηκευ.
746 3047 829 3116 Nam
849 3047 1040 3137 ὄιατρύγιου
1060 3069 1125 3114 non
1145 3052 1231 3113 recte
1252 3046 1305 3111 hic
1327 3045 1411 3110 sumi
1430 3057 1520 3124 posto

398 3153 469 3219 de
459 3176 528 3238 ipso
549 3157 622 3222 vino
644 3162 677 3222 et
697 3157 853 3222 Homerus
881 3156 1078 3222 demonstrat
1106 3160 1139 3219 et
1158 3152 1308 3218 disertius
1328 3151 1428 3217 etiam
1449 3164 1518 3230 pro·

397 3258 484 3324 xima
511 3261 609 3328 verba
636 3252 769 3326 αύτόυ
799 3259 842 3326 δὲ
870 3256 953 3326 adv·
975 3251 1093 3324 οἷυου
1123 3253 1259 3325 attona
1291 3256 1349 3320 καὶ
1380 3244 1521 3343 ἐρυθρὸν

399 3363 503 3433 εἴωθε
532 3368 659 3447 καλεῖν,
692 3373 728 3432 ut
758 3368 920 3434 verissime
954 3366 1062 3432 docuit
1091 3365 1288 3432 Beuselerus.
1336 3362 1463 3448 Neque,
1495 3355 1521 3421 si

397 3469 602 3534 Plutarchum
622 3469 790 3551 sumpsisse
806 3488 969 3534 censemus
984 3463 1176 3556 διατρύγιος
1196 3466 1237 3532 ab
1249 3465 1386 3532 Homero
1407 3455 1521 3531 alicubi

398 3566 437 3631 de
472 3567 541 3631 uvis
573 3567 707 3631 matun's
738 3571 926 3649 usurpatum
957 3566 1068 3644 trisse,
1098 3585 1289 3650 magnopere
1326 3562 1521 3647 periclitatur

398 3673 560 3738 Eustathii
581 3674 753 3740 auctoritas
773 3673 815 3739 ad
836 3672 946 3758 Odyss.
963 3698 1004 3751 ω,
1029 3678 1104 3751 340,
1126 3693 1199 3738 cum
1219 3675 1348 3754 praeter
1361 3669 1519 3755 vulgarem

397 3779 542 3845 vocabuli
573 3779 884 3862 interpretationem,
919 3784 1041 3844 temere
1079 3781 1243 3860 arreptam
1273 3775 1314 3841 ab
1344 3769 1517 3857 Apollonio,

398 3884 608 3975 ύιατρυγίους
635 3880 753 3977 ύρχυυς
781 3888 844 3955 dici
874 3885 951 3966 τούς
976 3882 1133 3966 οἶυικούς,
1166 3879 1253 3951 ἀλλὰ
1281 3880 1456 3960 τοιούτους
1474 3871 1518 3955 ὥς

396 3985 520 4070 μεταξύ
549 3991 613 4055 τῶν
646 3990 731 4055 κατὰ
756 3990 799 4056 τὰ
828 3988 918 4079 φυτὰ
949 3985 1088 4071 στοίχου
1120 3984 1369 4078 παρεσπάρθαι
1396 4011 1430 4052 τι
1456 3984 1516 4050 τῶν

397 4085 573 4176 σπορίμων
603 4091 660 4158 καὶ
690 4089 768 4158 οἵων
798 4094 1008 4180 τρυγᾶσθαι,
1042 4092 1177 4158 alteram
1204 4090 1360 4156 veriorem
1385 4087 1517 4157 subiciat

395 4193 478 4258 hano
501 4191 690 4282 διατρύγιου
710 4197 889 4283 significare
913 4189 1083 4281 ι’ίμτιελον,
1115 4184 1155 4285 ἧς
1184 4191 1218 4262 oi
1238 4195 1365 4286 καρποὶ
1387 4193 1422 4262 ἐκ
1443 4195 1514 4261 δια-

397 4289 520 4382 φόροις
542 4301 673 4386 καιροῖς
695 4295 929 4368 πεπαίνονται.
965 4299 1012 4366 Ut
1032 4301 1098 4367 iam
1118 4305 1240 4368 veteres
1260 4301 1296 4366 in
1310 4299 1515 4384 explicatione

397 4401 490 4466 huius
509 4402 601 4481 vocis
623 4404 740 4487 quippe
759 4426 818 4471 usu
833 4405 1033 4490 antiquatae,
1054 4404 1209 4472 titubasse
1229 4409 1381 4470 testatum
1401 4400 1514 4471 nciam

396 4503 556 4570 discordes
576 4504 637 4570 hae
652 4505 814 4572 Eustathii
834 4506 1030 4591 aliorumque
1046 4505 1280 4589 explicationes.
1322 4504 1373 4571 Ad
1384 4506 1514 4572 alteram

398 4610 483 4673 certe
497 4606 806 4691 interpretationem,
827 4629 924 4694 quam
938 4608 1096 4692 principio
1116 4609 1291 4708 posuimus,
1313 4621 1513 4694 eorumquae
