3534 5392
716 477 929 540 ..53-

247 633 370 700 iromm
393 636 454 702 iter
478 657 536 718 per
558 636 747 719 Hispaniam
769 636 802 700 Il
825 657 855 720 p.
872 641 934 703 435
956 639 988 700 et
1008 655 1090 719 quac
1110 633 1283 702 afferentur
1304 655 1389 700 ame

248 741 286 804 in
310 741 490 808 Addendis.
537 741 599 810 Sed
620 743 684 809 alia
705 744 740 807 ni
767 742 862 808 fallor
883 741 1025 824 suppetit
1045 739 1192 806 medendi
1212 741 1265 807 ria
1286 739 1391 804 minus

249 841 390 908 lubrica
418 848 451 909 et
479 844 519 910 ab
547 846 616 926 ipso
645 845 809 912 Athenaeo
839 849 1101 928 praemonstrata.
1154 844 1215 923 Qu
1244 865 1316 909 cum
1343 843 1389 908 IV

247 965 279 1028 p.
311 951 414 1012 1520
444 947 479 1010 in
507 947 670 1014 Gallorum
699 949 897 1032 supellectile
927 948 1135 1041 describenda
1167 953 1391 1014 commemoret

249 1045 365 1114 κάνεα
391 1046 504 1128 ξύλινα
527 1052 582 1117 καὶ
607 1049 748 1132 πλεκτά,
772 1074 836 1118 non
855 1073 986 1135 prorsus
1003 1051 1156 1118 abhorret
1176 1074 1197 1116 a
1215 1051 1282 1117 veri
1302 1051 1388 1115 simi·

246 1153 412 1232 litudine,
443 1153 632 1222 Strabonem
660 1146 841 1224 adcuratius
873 1158 1026 1223 materiae
1048 1179 1148 1242 genus
1169 1178 1209 1222 cx
1229 1177 1293 1241 quo
1314 1177 1387 1221 con·

246 1254 341 1322 fecta
363 1257 562 1340 potissimum
581 1258 701 1325 fuerint
723 1260 948 1324 Lusitanorum
970 1259 1193 1344 celtorumque
1213 1280 1289 1326 vasa
1306 1258 1388 1324 indi-

249 1378 365 1436 casse,
387 1358 483 1441 idque
506 1359 587 1422 mihi
608 1359 785 1442 repperisse
807 1360 892 1424 visus
913 1380 984 1424 sum
1005 1360 1164 1425 coniciens
1187 1354 1390 1446 φηγίνοις

251 1461 292 1528 δὲ
318 1455 471 1548 ἀγγείοις
500 1465 656 1551 χρῶνται.
684 1483 686 1488 ’
709 1464 803 1529 Haud
825 1465 910 1529 enim
932 1485 1078 1530 erravero
1099 1465 1142 1543 si,
1171 1468 1208 1527 ut
1229 1463 1264 1527 in
1284 1463 1390 1544 prisca
1480 1458 1482 1465 '

246 1571 453 1636 Graecorum
472 1572 747 1656 Romanorumque
763 1578 920 1638 uetustate
936 1572 1001 1656 fagi
1016 1573 1117 1636 virtus
1132 1571 1174 1636 ad
1189 1592 1264 1636 vasa
1285 1570 1386 1636 cuius-

249 1695 385 1758 cunque
407 1676 532 1760 generis
562 1676 756 1742 conficienda
792 1678 879 1743 haud
907 1678 1070 1762 incognita
1089 1676 1203 1759 fuir),
1233 1676 1281 1742 ita
1308 1675 1384 1741 Ger-

248 1779 363 1844 manis
391 1778 491 1844 Gallis
516 1777 613 1844 Celtis
639 1778 713 1864 (cfr.
732 1780 755 1844 l.
780 1781 903 1846 Grimm
923 1782 1030 1865 Antiq.
1049 1782 1109 1846 iur.
1130 1802 1227 1866 germ.
1251 1801 1281 1862 p.
1304 1781 1389 1863 506),

251 1883 348 1967 quod
371 1883 486 1950 laetior
500 1884 599 1949 multo
614 1885 681 1956 illic
697 1890 765 1952 erat
779 1886 925 1970 fagorum
938 1892 1123 1969 proventus,
1144 1885 1391 1969 frequentiorem

252 1988 362 2054 etiam
384 1988 424 2054 ad
446 2011 592 2054 vasorum
613 1989 769 2056 fabricam
799 1991 1043 2058 adscribendum
1070 1992 1175 2057 dicam
1197 1992 1291 2057 huius
1310 1991 1390 2075 ligni

254 2111 365 2156 usum.
409 2092 513 2175 Atque
535 2090 642 2176 fagum
667 2093 784 2176 (sagum
807 2093 981 2158 silvaticam
997 2094 1044 2177 L.)
1067 2093 1102 2157 in
1120 2093 1293 2158 montuosis
1313 2091 1392 2156 locis

260 2196 444 2280 Hispaniae
468 2201 564 2279 atque
587 2196 719 2262 sortasse
741 2197 838 2262 etiam
857 2197 1040 2262 Lusitaniae
1048 2198 1096 2281 **)
1126 2195 1284 2279 hodieque
1306 2195 1393 2261 nasci

258 2301 517 2366 demonstratum
545 2302 683 2393 reperies
712 2301 796 2384 apud
817 2302 1010 2369 recentiores
1035 2302 1188 2377 itinerum
1214 2300 1393 2367 conditores

262 2405 381 2490 (veluti
402 2405 443 2469 M.
469 2404 655 2469 Willkomm
680 2405 701 2472 l.
723 2406 744 2474 l.
772 2405 804 2469 ll
830 2427 860 2488 p.
894 2412 979 2492 197),
1008 2407 1133 2473 etiamsi
1161 2406 1201 2472 de
1228 2406 1392 2473 Strabonis

263 2514 377 2574 aetate
398 2508 520 2576 nullum
542 2507 575 2572 id
598 2507 761 2574 confirmet
782 2508 898 2574 veteris
918 2510 1082 2590 scriptoris
1100 2509 1323 2575 testimonium.

349 2614 583 2696 Tempestivum
601 2613 726 2680 ridetur
745 2614 819 2678 huic
837 2614 907 2680 loco
923 2618 989 2678 tres
1002 2614 1082 2678 ahos
1097 2613 1238 2678 ciusdem
1253 2613 1391 2677 auctoris

254 2721 417 2798 inserere,
448 2719 631 2804 dequibus
656 2719 751 2784 aliter
779 2719 881 2784 sentio
908 2723 1004 2801 atquc
1029 2718 1132 2782 visum
1162 2722 1210 2782 est
1231 2714 1391 2782 Meinekio

257 2825 333 2888 viro
356 2823 537 2888 clarissimo.
582 2824 664 2889 Leve
688 2823 842 2906 estquod
861 2842 974 2888 moneo
996 2820 1123 2888 deloco
1143 2820 1220 2886 libri
1235 2821 1265 2899 I,
1284 2825 1389 2900 6=a

259 2931 301 2991 22
321 2926 356 2990 in
377 2925 481 2992 verbis
505 2919 598 3010 ἡμεῖς
615 2923 653 2988 δὲ
673 2921 729 2988 cdv
743 2924 803 3006 μὲν
819 2918 925 2988 πλείω
948 2921 1047 3009 λόγον
1064 2922 1142 3011 περὶ
1163 2922 1225 2987 aab
1244 2917 1393 2988 ὠκεανοῦ

225 3033 229 3043 ’
261 3024 323 3092 καὶ
355 3027 420 3090 τῶν
443 3021 685 3112 πλημμυρίδιον
717 3020 765 3102 εἰς
787 3021 1017 3090 Ποσειδώνιον
1044 3017 1308 3107 ἄναβαλλόμεθα
1337 3024 1393 3092 καὶ

258 3121 510 3215 Ἀθηνόδωρον,
536 3121 656 3202 ἱκανῶς
682 3125 702 3190 δ
711 3119 1061 3213 ιακρατήσαντας
1088 3123 1144 3188 τὸν
1167 3124 1245 3213 περὶ
1266 3123 1392 3192 τούτων

260 3227 374 3318 λόγον,
388 3229 451 3309 ubi,
465 3248 656 3312 quamquam
671 3227 706 3290 in
728 3224 868 3290 Meineki
883 3221 1170 3306 διακριβώσανιας
1187 3222 1278 3303 (Plut.
1287 3221 1392 3307 Symp.

260 3335 380 3413 111,8,
403 3341 416 3398 1
441 3353 472 3414 p.
491 3337 553 3398 656
567 3331 596 3415 o)
619 3330 668 3396 vel
692 3325 970 3415 διασαφήσαντας
991 3323 1147 3407 (Zosiml
1171 3344 1201 3405 p.
1218 3329 1308 3391 3230
1328 3324 1392 3412 χρὴ

260 3437 328 3524 γὰρ
341 3435 397 3502 ἐπὶ
411 3439 474 3500 τῶν
487 3429 691 3522 πραγμάτιον
709 3423 732 3497 δ
747 3432 830 3518 λέγω
846 3431 1087 3517 διασαφῆσαι),
1106 3429 1187 3494 nihil
1200 3427 1392 3512 reprehendi

263 3557 358 3619 posse
381 3534 584 3611 crediderim,
614 3533 675 3598 nisi
706 3532 790 3616 quod
820 3553 884 3597 non
912 3531 989 3597 satis
1018 3536 1093 3613 apte
1119 3531 1264 3597 additum
1290 3529 1392 3599 videri

262 3643 366 3727 possit
386 3637 519 3718 ἱκανοῖς,
543 3637 795 3732 ascribendum
816 3636 927 3706 dixero
950 3631 1070 3712 ἱκανοῖς
1092 3633 1392 3723 διερευνῆσαι-

335 3906 361 3974 *)
382 3907 428 3959 His
443 3907 601 3958 conferenda
615 3913 673 3957 sunt
685 3912 785 3972 praeter
794 3902 939 3971 Plin.'xV1,
960 3907 1002 3969 38,
1019 3907 1081 3958 185:
1100 3906 1168 3971 fagis
1181 3908 1299 3972 pectines
1310 3913 1393 3960 trans-

265 3992 335 4045 versi
353 3993 380 4042 in
399 3991 490 4056 pulpa;
511 3991 583 4055 apud
599 3992 719 4054 antiquos
738 3991 800 4042 indc
818 3998 844 4043 et
860 3993 932 4044 vasis
949 3990 1044 4044 honos.
1080 3991 1182 4043 Manius
1197 3989 1289 4044 Curius
1301 3995 1395 4047 iuravit

267 4093 297 4128 sc
324 4095 354 4127 cx
376 4079 474 4143 praeda
500 4077 564 4128 nihil
588 4078 706 4141 attigisse
734 4083 836 4142 praeter
858 4084 960 4143 guttum
985 4079 1117 4143 saginum,
1148 4092 1200 4144 quo
1226 4081 1391 4146 sacrificaret,

266 4160 439 4226 Theophrasti
458 4159 485 4212 h.
503 4160 538 4226 pl.
558 4159 606 4223 ΙΙΙ,
627 4161 655 4224 8,
676 4162 707 4224 4,
734 4162 830 4226 quibus
848 4163 927 4212 etiam
944 4163 1126 4214 accensendus
1145 4168 1277 4233 φηγίνεος
1293 4162 1394 4240 κρηνήο

267 4246 351 4298 Macci
373 4249 397 4312 Ι,
418 4247 432 4295 5
452 4246 530 4298 Anth.
552 4246 630 4298 Polat.
653 4246 697 4310 Vl,
717 4247 749 4298 33
770 4253 795 4297 ot
815 4261 894 4312 quem
912 4263 1006 4299 omnes
1024 4253 1120 4301 norunt
1134 4251 1207 4315 pueri
1225 4254 1307 4304 nostri
1324 4254 1395 4318 apud

268 4331 389 4384 Ovidium
401 4333 533 4398 supinalem
553 4331 647 4382 alueum
666 4337 691 4382 et
711 4332 806 4383 similia
825 4334 895 4398 apud
914 4333 1054 4386 Tibullum.

335 4433 380 4501 **)
405 4435 463 4486 lloc
482 4451 525 4487 rnc
550 4436 645 4488 alicubi
669 4437 767 4502 legisse
789 4443 858 4488 certa
876 4439 1113 4503 memoria'teneo;
1138 4441 1286 4494 dubitanter
1307 4445 1395 4492 tamen

268 4523 440 4586 promendum
459 4528 528 4586 erat,
548 4523 672 4585 quoniam
685 4523 819 4574 incassum
836 4523 955 4586 quaesivi
974 4523 1097 4575 disertam
1110 4524 1189 4578 huius
1206 4525 1306 4577 arboris
1322 4540 1394 4576 com-

270 4607 485 4658 memorationem
505 4606 576 4672 apud
594 4605 718 4658 Linlriurn
735 4609 762 4658 in
779 4609 871 4660 itinera
889 4621 937 4673 per
954 4607 1113 4662 Lusitaniam
1129 4610 1204 4662 Koae
1224 4611 1298 4663 1801.
1332 4614 1352 4682 J
