<?xml version="1.0" encoding="UTF-8"?>
<!DOCTYPE html PUBLIC "-//W3C//DTD XHTML 1.0 Transitional//EN"
    "http://www.w3.org/TR/xhtml1/DTD/xhtml1-transitional.dtd">
<html xmlns="http://www.w3.org/1999/xhtml" xml:lang="en" lang="en">
 <head>
  <title>
</title>
<meta http-equiv="Content-Type" content="text/html;charset=utf-8" />
  <meta name='ocr-system' content='tesseract 3.04.00' />
  <meta name='ocr-capabilities' content='ocr_page ocr_carea ocr_par ocr_line ocrx_word'/>
</head>
<body>
  <div class='ocr_page' id='page_1' title='image "./vindiciarumplut01doehgoog_0097.png"; bbox 0 0 3534 5392; ppageno 0'>
   <div class='ocr_carea' id='block_1_1' title="bbox 755 485 969 554">
    <p class='ocr_par' dir='ltr' id='par_1_1' title="bbox 755 485 969 554">
     <span class='ocr_line' id='line_1_1' title="bbox 755 485 969 554; baseline 0.014 -20"><span class='ocrx_word' id='word_1_1' title='bbox 755 485 969 554; x_wconf 73' lang='lat' dir='ltr'>..gp-</span> 
     </span>
    </p>
   </div>
   <div class='ocr_carea' id='block_1_2' title="bbox 279 643 1423 2302">
    <p class='ocr_par' dir='ltr' id='par_1_2' title="bbox 279 643 1423 2302">
     <span class='ocr_line' id='line_1_2' title="bbox 281 643 1423 740; baseline 0.007 -30"><span class='ocrx_word' id='word_1_2' title='bbox 281 643 402 724; x_wconf 87' lang='lat' dir='ltr'>utpote</span> <span class='ocrx_word' id='word_1_3' title='bbox 433 644 469 714; x_wconf 90' lang='lat' dir='ltr'>in</span> <span class='ocrx_word' id='word_1_4' title='bbox 497 646 619 718; x_wconf 80' lang='lat' dir='ltr'>laxiore</span> <span class='ocrx_word' id='word_1_5' title='bbox 646 671 684 718; x_wconf 88' lang='lat' dir='ltr'>ac</span> <span class='ocrx_word' id='word_1_6' title='bbox 717 647 899 720; x_wconf 84' lang='lat' dir='ltr'>voluntaria</span> <span class='ocrx_word' id='word_1_7' title='bbox 923 651 1025 738; x_wconf 85' lang='lat' dir='ltr'>magis</span> <span class='ocrx_word' id='word_1_8' title='bbox 1053 651 1292 740; x_wconf 79' lang='lat' dir='ltr'>conpositione,</span> <span class='ocrx_word' id='word_1_9' title='bbox 1326 651 1423 720; x_wconf 88' lang='lat' dir='ltr'>scribi</span> 
     </span>
     <span class='ocr_line' id='line_1_3' title="bbox 279 745 1419 846; baseline 0.008 -33"><span class='ocrx_word' id='word_1_10' title='bbox 279 745 411 816; x_wconf 75' lang='lat' dir='ltr'>licebat</span> <span class='ocrx_word' id='word_1_11' title='bbox 434 748 470 818; x_wconf 90' lang='grc' dir='ltr'>τί</span> <span class='ocrx_word' id='word_1_12' title='bbox 490 753 598 820; x_wconf 80' lang='grc' dir='ltr'><strong><em>δεινὸν</em></strong></span> <span class='ocrx_word' id='word_1_13' title='bbox 613 754 644 822; x_wconf 85' lang='grc' dir='ltr'>τί</span> <span class='ocrx_word' id='word_1_14' title='bbox 658 756 736 845; x_wconf 72' lang='grc' dir='ltr'><strong><em>γυνὴ</em></strong></span> <span class='ocrx_word' id='word_1_15' title='bbox 759 759 836 824; x_wconf 81' lang='grc' dir='ltr'><strong><em>νοῦν</em></strong></span> <span class='ocrx_word' id='word_1_16' title='bbox 850 753 971 840; x_wconf 76' lang='grc' dir='ltr'><strong><em>ἔχουσα</em></strong></span> <span class='ocrx_word' id='word_1_17' title='bbox 995 757 1205 846; x_wconf 75' lang='grc' dir='ltr'><strong><em>πρεσβυτέρα</em></strong></span> <span class='ocrx_word' id='word_1_18' title='bbox 1223 752 1419 844; x_wconf 73' lang='grc' dir='ltr'><strong><em>κυβερνήσει</em></strong></span> 
     </span>
     <span class='ocr_line' id='line_1_4' title="bbox 280 852 1412 950; baseline 0.009 -32"><span class='ocrx_word' id='word_1_19' title='bbox 280 852 386 921; x_wconf 82' lang='grc' dir='ltr'><strong><em>νέου</em></strong></span> <span class='ocrx_word' id='word_1_20' title='bbox 411 853 509 940; x_wconf 82' lang='grc' dir='ltr'><strong><em>βίον</em></strong></span> <span class='ocrx_word' id='word_1_21' title='bbox 530 855 661 950; x_wconf 79' lang='grc' dir='ltr'><strong><em>ἄνδράς.</em></strong></span> <span class='ocrx_word' id='word_1_22' title='bbox 701 862 792 930; x_wconf 82' lang='lat' dir='ltr'>Idem</span> <span class='ocrx_word' id='word_1_23' title='bbox 812 863 1123 932; x_wconf 86' lang='lat' dir='ltr'>contravocabulnm</span> <span class='ocrx_word' id='word_1_24' title='bbox 1136 862 1171 928; x_wconf 89' lang='lat' dir='ltr'>ni</span> <span class='ocrx_word' id='word_1_25' title='bbox 1185 861 1279 929; x_wconf 80' lang='lat' dir='ltr'>fallor</span> <span class='ocrx_word' id='word_1_26' title='bbox 1292 861 1412 944; x_wconf 87' lang='lat' dir='ltr'>inpune</span> 
     </span>
     <span class='ocr_line' id='line_1_5' title="bbox 280 958 1421 1045; baseline 0.004 -24"><span class='ocrx_word' id='word_1_27' title='bbox 280 975 360 1021; x_wconf 88' lang='lat' dir='ltr'>cum</span> <span class='ocrx_word' id='word_1_28' title='bbox 384 958 479 1026; x_wconf 89' lang='lat' dir='ltr'>nulla</span> <span class='ocrx_word' id='word_1_29' title='bbox 499 960 654 1028; x_wconf 88' lang='lat' dir='ltr'>librorum</span> <span class='ocrx_word' id='word_1_30' title='bbox 675 963 882 1045; x_wconf 78' lang='lat' dir='ltr'><strong>dissensione,</strong></span> <span class='ocrx_word' id='word_1_31' title='bbox 905 962 1046 1032; x_wconf 83' lang='lat' dir='ltr'>naturali</span> <span class='ocrx_word' id='word_1_32' title='bbox 1066 983 1123 1029; x_wconf 89' lang='lat' dir='ltr'>sno</span> <span class='ocrx_word' id='word_1_33' title='bbox 1145 967 1182 1027; x_wconf 92' lang='lat' dir='ltr'>nt</span> <span class='ocrx_word' id='word_1_34' title='bbox 1202 981 1262 1044; x_wconf 93' lang='lat' dir='ltr'>par</span> <span class='ocrx_word' id='word_1_35' title='bbox 1282 963 1352 1026; x_wconf 84' lang='lat' dir='ltr'>erat</span> <span class='ocrx_word' id='word_1_36' title='bbox 1371 979 1421 1026; x_wconf 91' lang='lat' dir='ltr'>or·</span> 
     </span>
     <span class='ocr_line' id='line_1_6' title="bbox 280 1053 1422 1155; baseline 0.01 -34"><span class='ocrx_word' id='word_1_37' title='bbox 280 1053 362 1124; x_wconf 89' lang='lat' dir='ltr'>dine</span> <span class='ocrx_word' id='word_1_38' title='bbox 385 1067 529 1144; x_wconf 84' lang='lat' dir='ltr'>retento,</span> <span class='ocrx_word' id='word_1_39' title='bbox 549 1067 674 1136; x_wconf 86' lang='lat' dir='ltr'>hiatum</span> <span class='ocrx_word' id='word_1_40' title='bbox 693 1091 807 1153; x_wconf 83' lang='lat' dir='ltr'>parere</span> <span class='ocrx_word' id='word_1_41' title='bbox 828 1070 918 1138; x_wconf 86' lang='lat' dir='ltr'>vides</span> <span class='ocrx_word' id='word_1_42' title='bbox 938 1071 973 1136; x_wconf 88' lang='lat' dir='ltr'>in</span> <span class='ocrx_word' id='word_1_43' title='bbox 991 1067 1097 1155; x_wconf 85' lang='lat' dir='ltr'>Symp.</span> <span class='ocrx_word' id='word_1_44' title='bbox 1119 1066 1178 1147; x_wconf 91' lang='grc' dir='ltr'>ΙΙΙ,</span> <span class='ocrx_word' id='word_1_45' title='bbox 1200 1073 1228 1146; x_wconf 85' lang='grc'>7,</span> <span class='ocrx_word' id='word_1_46' title='bbox 1254 1073 1316 1148; x_wconf 89' lang='lat' dir='ltr'>lp.</span> <span class='ocrx_word' id='word_1_47' title='bbox 1332 1069 1422 1133; x_wconf 81' lang='lat' dir='ltr'>esse</span> 
     </span>
     <span class='ocr_line' id='line_1_7' title="bbox 279 1163 1420 1263; baseline 0.006 -35"><span class='ocrx_word' id='word_1_48' title='bbox 279 1163 358 1228; x_wconf 82' lang='grc' dir='ltr'><strong><em>τοῦ</em></strong></span> <span class='ocrx_word' id='word_1_49' title='bbox 382 1165 485 1234; x_wconf 86' lang='grc' dir='ltr'><strong><em>νέου</em></strong></span> <span class='ocrx_word' id='word_1_50' title='bbox 509 1165 629 1238; x_wconf 77' lang='grc' dir='ltr'><strong><em>σ’ίνου</em></strong></span> <span class='ocrx_word' id='word_1_51' title='bbox 646 1168 809 1262; x_wconf 77' lang='grc' dir='ltr'><strong><em>Ἀθήνησι</em></strong></span> <span class='ocrx_word' id='word_1_52' title='bbox 824 1174 885 1258; x_wconf 83' lang='grc' dir='ltr'>μέν</span> <span class='ocrx_word' id='word_1_53' title='bbox 900 1170 1058 1263; x_wconf 72' lang='grc' dir='ltr'>ἑνδεκάτῃ</span> <span class='ocrx_word' id='word_1_54' title='bbox 1072 1171 1175 1262; x_wconf 75' lang='grc' dir='ltr'><strong><em>μηνὸς</em></strong></span> <span class='ocrx_word' id='word_1_55' title='bbox 1189 1167 1420 1260; x_wconf 80' lang='grc' dir='ltr'><strong><em>κατάρχονται,</em></strong></span> 
     </span>
     <span class='ocr_line' id='line_1_8' title="bbox 279 1273 1420 1365; baseline -0.009 -13"><span class='ocrx_word' id='word_1_56' title='bbox 279 1287 387 1352; x_wconf 88' lang='lat' dir='ltr'>quem</span> <span class='ocrx_word' id='word_1_57' title='bbox 411 1273 517 1344; x_wconf 83' lang='lat' dir='ltr'>locum</span> <span class='ocrx_word' id='word_1_58' title='bbox 538 1299 706 1364; x_wconf 79' lang='lat' dir='ltr'>perperam</span> <span class='ocrx_word' id='word_1_59' title='bbox 726 1281 936 1365; x_wconf 78' lang='lat' dir='ltr'>adtemptarit</span> <span class='ocrx_word' id='word_1_60' title='bbox 957 1281 1152 1359; x_wconf 85' lang='lat' dir='ltr'>Berselerus,</span> <span class='ocrx_word' id='word_1_61' title='bbox 1173 1277 1286 1363; x_wconf 90' lang='lat' dir='ltr'>utqui</span> <span class='ocrx_word' id='word_1_62' title='bbox 1306 1276 1420 1343; x_wconf 85' lang='lat' dir='ltr'>substi-</span> 
     </span>
     <span class='ocr_line' id='line_1_9' title="bbox 280 1372 1423 1485; baseline 0.002 -43"><span class='ocrx_word' id='word_1_63' title='bbox 280 1372 421 1485; x_wconf 55' lang='lat' dir='ltr'>ltlturus</span> <span class='ocrx_word' id='word_1_64' title='bbox 445 1386 529 1448; x_wconf 82' lang='lat' dir='ltr'>esset</span> <span class='ocrx_word' id='word_1_65' title='bbox 548 1381 607 1448; x_wconf 84' lang='grc' dir='ltr'>τὸν</span> <span class='ocrx_word' id='word_1_66' title='bbox 629 1373 718 1450; x_wconf 86' lang='grc' dir='ltr'><strong><em>οίνον</em></strong></span> <span class='ocrx_word' id='word_1_67' title='bbox 742 1425 779 1438; x_wconf 87' lang='lat'><em>-</em></span> <span class='ocrx_word' id='word_1_68' title='bbox 805 1383 1044 1473; x_wconf 89' lang='grc' dir='ltr'><strong><em>κατάρχονται,</em></strong></span> <span class='ocrx_word' id='word_1_69' title='bbox 1077 1403 1149 1448; x_wconf 88' lang='lat' dir='ltr'>cum</span> <span class='ocrx_word' id='word_1_70' title='bbox 1169 1380 1301 1466; x_wconf 85' lang='lat' dir='ltr'>propius</span> <span class='ocrx_word' id='word_1_71' title='bbox 1321 1378 1423 1445; x_wconf 84' lang='lat' dir='ltr'>multo</span> 
     </span>
     <span class='ocr_line' id='line_1_10' title="bbox 281 1479 1422 1571; baseline -0.012 -11"><span class='ocrx_word' id='word_1_72' title='bbox 281 1491 312 1536; x_wconf 77' lang='lat'>¹¹</span> <span class='ocrx_word' id='word_1_73' title='bbox 335 1483 519 1561; x_wconf 78' lang='lat' dir='ltr'>oporteret,</span> <span class='ocrx_word' id='word_1_74' title='bbox 550 1484 592 1549; x_wconf 85' lang='lat' dir='ltr'>ad</span> <span class='ocrx_word' id='word_1_75' title='bbox 613 1483 737 1552; x_wconf 89' lang='lat' dir='ltr'>codices</span> <span class='ocrx_word' id='word_1_76' title='bbox 759 1486 918 1571; x_wconf 83' lang='lat' dir='ltr'>corrigere</span> <span class='ocrx_word' id='word_1_77' title='bbox 939 1484 1094 1568; x_wconf 87' lang='lat' dir='ltr'>potuisset</span> <span class='ocrx_word' id='word_1_78' title='bbox 1121 1487 1195 1550; x_wconf 77' lang='grc' dir='ltr'>τοῦ</span> <span class='ocrx_word' id='word_1_79' title='bbox 1224 1480 1321 1548; x_wconf 84' lang='grc' dir='ltr'><strong><em>νέου</em></strong></span> <span class='ocrx_word' id='word_1_80' title='bbox 1346 1479 1422 1562; x_wconf 76' lang='grc' dir='ltr'>μέν</span> 
     </span>
     <span class='ocr_line' id='line_1_11' title="bbox 283 1572 1422 1678; baseline 0.008 -38"><span class='ocrx_word' id='word_1_81' title='bbox 283 1572 420 1646; x_wconf 77' lang='grc' dir='ltr'><strong><em>οἴνου</em></strong></span> <span class='ocrx_word' id='word_1_82' title='bbox 444 1579 674 1674; x_wconf 80' lang='grc' dir='ltr'><strong><em>Ἀθήνησιν</em></strong></span> <span class='ocrx_word' id='word_1_83' title='bbox 697 1585 854 1678; x_wconf 79' lang='grc' dir='ltr'><strong><em>ἑνδεκάτῃ</em></strong></span> <span class='ocrx_word' id='word_1_84' title='bbox 877 1586 980 1675; x_wconf 82' lang='grc' dir='ltr'><strong><em>μηνάς</em></strong></span> <span class='ocrx_word' id='word_1_85' title='bbox 1000 1583 1231 1678; x_wconf 80' lang='grc' dir='ltr'><strong><em>κατάρχονται.</em></strong></span> <span class='ocrx_word' id='word_1_86' title='bbox 1278 1582 1340 1654; x_wconf 84' lang='lat' dir='ltr'>Sed</span> <span class='ocrx_word' id='word_1_87' title='bbox 1358 1603 1422 1669; x_wconf 84' lang='lat' dir='ltr'>qno</span> 
     </span>
     <span class='ocr_line' id='line_1_12' title="bbox 281 1683 1417 1780; baseline 0.009 -32"><span class='ocrx_word' id='word_1_88' title='bbox 281 1683 401 1753; x_wconf 85' lang='lat' dir='ltr'>minus</span> <span class='ocrx_word' id='word_1_89' title='bbox 422 1688 457 1754; x_wconf 90' lang='lat' dir='ltr'>in</span> <span class='ocrx_word' id='word_1_90' title='bbox 483 1689 534 1758; x_wconf 88' lang='lat' dir='ltr'>his</span> <span class='ocrx_word' id='word_1_91' title='bbox 555 1694 725 1780; x_wconf 88' lang='lat' dir='ltr'>quicquam</span> <span class='ocrx_word' id='word_1_92' title='bbox 746 1697 926 1764; x_wconf 88' lang='lat' dir='ltr'>novandum</span> <span class='ocrx_word' id='word_1_93' title='bbox 947 1696 1102 1780; x_wconf 87' lang='lat' dir='ltr'>suspicor,</span> <span class='ocrx_word' id='word_1_94' title='bbox 1131 1699 1222 1761; x_wconf 89' lang='lat' dir='ltr'>tanto</span> <span class='ocrx_word' id='word_1_95' title='bbox 1249 1692 1352 1778; x_wconf 86' lang='lat' dir='ltr'>magis</span> <span class='ocrx_word' id='word_1_96' title='bbox 1372 1692 1417 1758; x_wconf 80' lang='lat' dir='ltr'>vi·</span> 
     </span>
     <span class='ocr_line' id='line_1_13' title="bbox 284 1785 1419 1884; baseline 0.009 -34"><span class='ocrx_word' id='word_1_97' title='bbox 284 1785 435 1856; x_wconf 90' lang='lat' dir='ltr'>dendum</span> <span class='ocrx_word' id='word_1_98' title='bbox 456 1800 519 1874; x_wconf 88' lang='lat' dir='ltr'>est,</span> <span class='ocrx_word' id='word_1_99' title='bbox 552 1819 593 1864; x_wconf 89' lang='lat' dir='ltr'>ne</span> <span class='ocrx_word' id='word_1_100' title='bbox 621 1798 768 1867; x_wconf 85' lang='lat' dir='ltr'>licentiae</span> <span class='ocrx_word' id='word_1_101' title='bbox 797 1799 892 1866; x_wconf 90' lang='lat' dir='ltr'>huius</span> <span class='ocrx_word' id='word_1_102' title='bbox 922 1799 1012 1884; x_wconf 90' lang='lat' dir='ltr'>(qnid</span> <span class='ocrx_word' id='word_1_103' title='bbox 1033 1799 1118 1865; x_wconf 91' lang='lat' dir='ltr'>enim</span> <span class='ocrx_word' id='word_1_104' title='bbox 1140 1796 1228 1864; x_wconf 87' lang='lat' dir='ltr'>aliud</span> <span class='ocrx_word' id='word_1_105' title='bbox 1250 1794 1419 1880; x_wconf 75' lang='lat' dir='ltr'>alpellem)</span> 
     </span>
     <span class='ocr_line' id='line_1_14' title="bbox 281 1893 1421 1990; baseline 0.01 -33"><span class='ocrx_word' id='word_1_106' title='bbox 281 1893 422 1960; x_wconf 88' lang='lat' dir='ltr'>termini</span> <span class='ocrx_word' id='word_1_107' title='bbox 442 1897 526 1966; x_wconf 85' lang='lat' dir='ltr'>iusto</span> <span class='ocrx_word' id='word_1_108' title='bbox 545 1900 641 1968; x_wconf 88' lang='lat' dir='ltr'>latius</span> <span class='ocrx_word' id='word_1_109' title='bbox 655 1908 881 1990; x_wconf 76' lang='lat' dir='ltr'>propagentur,</span> <span class='ocrx_word' id='word_1_110' title='bbox 897 1904 981 1989; x_wconf 90' lang='lat' dir='ltr'>quod</span> <span class='ocrx_word' id='word_1_111' title='bbox 1002 1903 1162 1987; x_wconf 87' lang='lat' dir='ltr'>inpriore</span> <span class='ocrx_word' id='word_1_112' title='bbox 1182 1902 1252 1968; x_wconf 90' lang='lat' dir='ltr'>loco</span> <span class='ocrx_word' id='word_1_113' title='bbox 1267 1899 1421 1968; x_wconf 85' lang='lat' dir='ltr'>accidisse</span> 
     </span>
     <span class='ocr_line' id='line_1_15' title="bbox 285 1994 1419 2091; baseline 0.004 -27"><span class='ocrx_word' id='word_1_114' title='bbox 285 1994 422 2064; x_wconf 86' lang='lat' dir='ltr'>videtur</span> <span class='ocrx_word' id='word_1_115' title='bbox 443 2000 621 2070; x_wconf 87' lang='lat' dir='ltr'>Benselero.</span> <span class='ocrx_word' id='word_1_116' title='bbox 665 2006 716 2071; x_wconf 84' lang='lat' dir='ltr'>Ad</span> <span class='ocrx_word' id='word_1_117' title='bbox 736 2029 831 2091; x_wconf 89' lang='lat' dir='ltr'>quem</span> <span class='ocrx_word' id='word_1_118' title='bbox 851 2006 907 2090; x_wconf 91' lang='lat' dir='ltr'>qui</span> <span class='ocrx_word' id='word_1_119' title='bbox 937 2005 1158 2090; x_wconf 75' lang='lat' dir='ltr'>conparaverit</span> <span class='ocrx_word' id='word_1_120' title='bbox 1177 2004 1258 2070; x_wconf 88' lang='lat' dir='ltr'>Plut.</span> <span class='ocrx_word' id='word_1_121' title='bbox 1281 2003 1419 2068; x_wconf 89' lang='lat' dir='ltr'>Demetr.</span> 
     </span>
     <span class='ocr_line' id='line_1_16' title="bbox 285 2097 1416 2198; baseline 0.004 -34"><span class='ocrx_word' id='word_1_122' title='bbox 285 2118 312 2163; x_wconf 87' lang='lat' dir='ltr'>c.</span> <span class='ocrx_word' id='word_1_123' title='bbox 343 2104 388 2168; x_wconf 83' lang='lat'>38</span> <span class='ocrx_word' id='word_1_124' title='bbox 418 2103 474 2169; x_wconf 85' lang='grc' dir='ltr'><strong><em>καί</em></strong></span> <span class='ocrx_word' id='word_1_125' title='bbox 506 2102 691 2196; x_wconf 84' lang='grc' dir='ltr'><strong><em>παραλύειν</em></strong></span> <span class='ocrx_word' id='word_1_126' title='bbox 723 2102 852 2198; x_wconf 86' lang='grc' dir='ltr'><strong><em>άτρέμα</em></strong></span> <span class='ocrx_word' id='word_1_127' title='bbox 880 2107 937 2174; x_wconf 86' lang='grc' dir='ltr'><strong><em>καί</em></strong></span> <span class='ocrx_word' id='word_1_128' title='bbox 968 2103 1160 2195; x_wconf 74' lang='grc' dir='ltr'><strong><em>θεραπείας</em></strong></span> <span class='ocrx_word' id='word_1_129' title='bbox 1189 2097 1327 2191; x_wconf 78' lang='grc' dir='ltr'><strong><em>ἀμελείᾳ</em></strong></span> <span class='ocrx_word' id='word_1_130' title='bbox 1359 2101 1416 2168; x_wconf 86' lang='grc' dir='ltr'><strong><em>καί</em></strong></span> 
     </span>
     <span class='ocr_line' id='line_1_17' title="bbox 285 2204 1417 2302; baseline 0.003 -30"><span class='ocrx_word' id='word_1_131' title='bbox 285 2211 460 2296; x_wconf 78' lang='grc' dir='ltr'><strong><em>τροφῆς</em></strong></span> <span class='ocrx_word' id='word_1_132' title='bbox 482 2204 622 2302; x_wconf 79' lang='grc' dir='ltr'><strong><em>άποχῇ</em></strong></span> <span class='ocrx_word' id='word_1_133' title='bbox 649 2214 688 2279; x_wconf 87' lang='grc' dir='ltr'>τὸ</span> <span class='ocrx_word' id='word_1_134' title='bbox 711 2217 823 2297; x_wconf 78' lang='grc' dir='ltr'><strong><em>σῶμα,</em></strong></span> <span class='ocrx_word' id='word_1_135' title='bbox 846 2235 911 2280; x_wconf 92' lang='lat' dir='ltr'>non</span> <span class='ocrx_word' id='word_1_136' title='bbox 937 2213 1111 2292; x_wconf 76' lang='lat' dir='ltr'>dubitabit,</span> <span class='ocrx_word' id='word_1_137' title='bbox 1138 2211 1217 2296; x_wconf 85' lang='lat' dir='ltr'>quin</span> <span class='ocrx_word' id='word_1_138' title='bbox 1237 2210 1343 2296; x_wconf 69' lang='lat' dir='ltr'>hiatus</span> <span class='ocrx_word' id='word_1_139' title='bbox 1365 2231 1417 2276; x_wconf 80' lang='lat' dir='ltr'>ex·</span> 
     </span>
    </p>
   </div>
   <div class='ocr_carea' id='block_1_3' title="bbox 147 2311 1291 2409">
    <p class='ocr_par' dir='ltr' id='par_1_3' title="bbox 147 2311 1291 2409">
     <span class='ocr_line' id='line_1_18' title="bbox 147 2311 1291 2409; baseline -0.002 -27"><span class='ocrx_word' id='word_1_140' title='bbox 147 2345 162 2368; x_wconf 87' lang='lat'>··</span> <span class='ocrx_word' id='word_1_141' title='bbox 285 2311 400 2393; x_wconf 86' lang='lat' dir='ltr'>piatus</span> <span class='ocrx_word' id='word_1_142' title='bbox 422 2315 542 2384; x_wconf 91' lang='lat' dir='ltr'>sithoc</span> <span class='ocrx_word' id='word_1_143' title='bbox 563 2318 658 2386; x_wconf 87' lang='lat' dir='ltr'>modo</span> <span class='ocrx_word' id='word_1_144' title='bbox 681 2313 814 2406; x_wconf 82' lang='grc' dir='ltr'><strong><em>ἆχνείας</em></strong></span> <span class='ocrx_word' id='word_1_145' title='bbox 835 2318 938 2409; x_wconf 84' lang='grc' dir='ltr'><strong><em>μέρος</em></strong></span> <span class='ocrx_word' id='word_1_146' title='bbox 960 2315 1120 2401; x_wconf 84' lang='grc' dir='ltr'><strong><em>ἰχθύων</em></strong></span> <span class='ocrx_word' id='word_1_147' title='bbox 1141 2311 1291 2403; x_wconf 79' lang='grc' dir='ltr'><strong><em>άποχὴ.</em></strong></span> 
     </span>
    </p>
   </div>
   <div class='ocr_carea' id='block_1_4' title="bbox 279 2419 1501 4702">
    <p class='ocr_par' dir='ltr' id='par_1_4' title="bbox 279 2419 1419 3030">
     <span class='ocr_line' id='line_1_19' title="bbox 279 2419 1416 2507; baseline 0.001 -23"><span class='ocrx_word' id='word_1_148' title='bbox 279 2433 288 2446; x_wconf 88' lang='grc'>·</span> <span class='ocrx_word' id='word_1_149' title='bbox 381 2419 421 2484; x_wconf 93' lang='lat' dir='ltr'>In</span> <span class='ocrx_word' id='word_1_150' title='bbox 442 2420 511 2488; x_wconf 92' lang='lat' dir='ltr'>loco</span> <span class='ocrx_word' id='word_1_151' title='bbox 532 2422 607 2490; x_wconf 90' lang='lat' dir='ltr'>libri</span> <span class='ocrx_word' id='word_1_152' title='bbox 622 2422 686 2503; x_wconf 89' lang='lat' dir='ltr'>IX,</span> <span class='ocrx_word' id='word_1_153' title='bbox 711 2432 740 2504; x_wconf 88' lang='lat'>1,</span> <span class='ocrx_word' id='word_1_154' title='bbox 760 2429 779 2490; x_wconf 75' lang='lat'>2</span> <span class='ocrx_word' id='word_1_155' title='bbox 797 2444 828 2505; x_wconf 89' lang='lat' dir='ltr'>p.</span> <span class='ocrx_word' id='word_1_156' title='bbox 845 2429 907 2492; x_wconf 84' lang='grc'>737</span> <span class='ocrx_word' id='word_1_157' title='bbox 915 2445 942 2502; x_wconf 84' lang='lat' dir='ltr'>a</span> <span class='ocrx_word' id='word_1_158' title='bbox 963 2424 1019 2490; x_wconf 91' lang='lat' dir='ltr'>ubi</span> <span class='ocrx_word' id='word_1_159' title='bbox 1039 2423 1248 2507; x_wconf 87' lang='lat' dir='ltr'>inquisiturus</span> <span class='ocrx_word' id='word_1_160' title='bbox 1266 2420 1306 2487; x_wconf 93' lang='lat' dir='ltr'>de</span> <span class='ocrx_word' id='word_1_161' title='bbox 1320 2421 1416 2487; x_wconf 81' lang='lat' dir='ltr'>versi-</span> 
     </span>
     <span class='ocr_line' id='line_1_20' title="bbox 288 2518 1419 2607; baseline 0.001 -23"><span class='ocrx_word' id='word_1_162' title='bbox 288 2518 353 2585; x_wconf 90' lang='lat' dir='ltr'>bus</span> <span class='ocrx_word' id='word_1_163' title='bbox 382 2527 559 2604; x_wconf 90' lang='lat' dir='ltr'>opportune</span> <span class='ocrx_word' id='word_1_164' title='bbox 582 2529 638 2590; x_wconf 87' lang='lat' dir='ltr'>aut</span> <span class='ocrx_word' id='word_1_165' title='bbox 659 2545 747 2592; x_wconf 90' lang='lat' dir='ltr'>secus</span> <span class='ocrx_word' id='word_1_166' title='bbox 775 2525 1003 2607; x_wconf 76' lang='lat' dir='ltr'>pronuntiatis,</span> <span class='ocrx_word' id='word_1_167' title='bbox 1034 2528 1107 2607; x_wconf 91' lang='lat' dir='ltr'>post</span> <span class='ocrx_word' id='word_1_168' title='bbox 1134 2523 1199 2588; x_wconf 87' lang='lat' dir='ltr'>alia</span> <span class='ocrx_word' id='word_1_169' title='bbox 1226 2522 1419 2587; x_wconf 89' lang='lat' dir='ltr'>mentionem</span> 
     </span>
     <span class='ocr_line' id='line_1_21' title="bbox 287 2625 1418 2718; baseline 0.001 -27"><span class='ocrx_word' id='word_1_170' title='bbox 287 2625 386 2692; x_wconf 87' lang='lat' dir='ltr'>inicit</span> <span class='ocrx_word' id='word_1_171' title='bbox 413 2632 516 2712; x_wconf 88' lang='lat' dir='ltr'>pueri,</span> <span class='ocrx_word' id='word_1_172' title='bbox 554 2633 609 2716; x_wconf 90' lang='lat' dir='ltr'>qui</span> <span class='ocrx_word' id='word_1_173' title='bbox 644 2632 782 2718; x_wconf 89' lang='lat' dir='ltr'>genuino</span> <span class='ocrx_word' id='word_1_174' title='bbox 817 2651 947 2715; x_wconf 89' lang='lat' dir='ltr'>prorsus</span> <span class='ocrx_word' id='word_1_175' title='bbox 974 2631 1097 2714; x_wconf 85' lang='lat' dir='ltr'>patriae</span> <span class='ocrx_word' id='word_1_176' title='bbox 1129 2650 1236 2696; x_wconf 89' lang='lat' dir='ltr'>amore</span> <span class='ocrx_word' id='word_1_177' title='bbox 1265 2629 1418 2711; x_wconf 67' lang='lat' dir='ltr'>pertusus,</span> 
     </span>
     <span class='ocr_line' id='line_1_22' title="bbox 289 2733 1419 2816; baseline 0.001 -20"><span class='ocrx_word' id='word_1_178' title='bbox 289 2753 401 2798; x_wconf 85' lang='lat' dir='ltr'>eoram</span> <span class='ocrx_word' id='word_1_179' title='bbox 432 2735 595 2816; x_wconf 89' lang='lat' dir='ltr'>Mummio,</span> <span class='ocrx_word' id='word_1_180' title='bbox 636 2735 781 2802; x_wconf 82' lang='lat' dir='ltr'>Corinthi</span> <span class='ocrx_word' id='word_1_181' title='bbox 809 2757 969 2815; x_wconf 83' lang='lat' dir='ltr'>eversore,</span> <span class='ocrx_word' id='word_1_182' title='bbox 1000 2734 1087 2801; x_wconf 85' lang='lat' dir='ltr'>haud</span> <span class='ocrx_word' id='word_1_183' title='bbox 1115 2734 1235 2800; x_wconf 83' lang='lat' dir='ltr'>veritus</span> <span class='ocrx_word' id='word_1_184' title='bbox 1264 2733 1307 2798; x_wconf 91' lang='lat' dir='ltr'>sit</span> <span class='ocrx_word' id='word_1_185' title='bbox 1334 2733 1419 2798; x_wconf 91' lang='lat' dir='ltr'>hunc</span> 
     </span>
     <span class='ocr_line' id='line_1_23' title="bbox 288 2837 760 2924; baseline 0.015 -26"><span class='ocrx_word' id='word_1_186' title='bbox 288 2855 420 2902; x_wconf 84' lang='lat' dir='ltr'>versum</span> <span class='ocrx_word' id='word_1_187' title='bbox 441 2837 599 2924; x_wconf 84' lang='lat' dir='ltr'><strong>Odysseae</strong></span> <span class='ocrx_word' id='word_1_188' title='bbox 623 2840 760 2906; x_wconf 90' lang='lat' dir='ltr'>scribere</span> 
     </span>
     <span class='ocr_line' id='line_1_24' title="bbox 379 2927 1332 3030; baseline -0.004 -28"><span class='ocrx_word' id='word_1_189' title='bbox 379 2937 451 3026; x_wconf 87' lang='grc' dir='ltr'><strong><em>τρίς</em></strong></span> <span class='ocrx_word' id='word_1_190' title='bbox 471 2935 620 3030; x_wconf 88' lang='grc' dir='ltr'><strong><em>μάκαρες</em></strong></span> <span class='ocrx_word' id='word_1_191' title='bbox 640 2937 772 3006; x_wconf 85' lang='grc' dir='ltr'><strong><em>Δαναοί</em></strong></span> <span class='ocrx_word' id='word_1_192' title='bbox 794 2936 851 3005; x_wconf 84' lang='grc' dir='ltr'><strong><em>καί</em></strong></span> <span class='ocrx_word' id='word_1_193' title='bbox 873 2934 1035 3026; x_wconf 88' lang='grc' dir='ltr'><strong><em>τετράκις,</em></strong></span> <span class='ocrx_word' id='word_1_194' title='bbox 1059 2930 1097 3002; x_wconf 81' lang='grc' dir='ltr'>οἳ</span> <span class='ocrx_word' id='word_1_195' title='bbox 1114 2927 1181 3000; x_wconf 78' lang='grc' dir='ltr'><strong><em>τότ’</em></strong></span> <span class='ocrx_word' id='word_1_196' title='bbox 1204 2928 1332 3014; x_wconf 80' lang='grc' dir='ltr'><strong><em>άλοντο,</em></strong></span> 
     </span>
    </p>

    <p class='ocr_par' dir='ltr' id='par_1_5' title="bbox 289 3036 1501 4702">
     <span class='ocr_line' id='line_1_25' title="bbox 289 3036 1418 3131; baseline -0.003 -24"><span class='ocrx_word' id='word_1_197' title='bbox 289 3043 432 3108; x_wconf 90' lang='lat' dir='ltr'>nondum</span> <span class='ocrx_word' id='word_1_198' title='bbox 446 3050 632 3127; x_wconf 81' lang='lat' dir='ltr'>personatus</span> <span class='ocrx_word' id='word_1_199' title='bbox 648 3050 696 3112; x_wconf 87' lang='lat' dir='ltr'>est</span> <span class='ocrx_word' id='word_1_200' title='bbox 716 3045 804 3111; x_wconf 88' lang='lat' dir='ltr'>locus</span> <span class='ocrx_word' id='word_1_201' title='bbox 826 3040 881 3109; x_wconf 82' lang='grc' dir='ltr'><strong><em>καί</em></strong></span> <span class='ocrx_word' id='word_1_202' title='bbox 904 3042 967 3131; x_wconf 75' lang='grc' dir='ltr'>γάρ</span> <span class='ocrx_word' id='word_1_203' title='bbox 992 3045 1119 3108; x_wconf 88' lang='grc' dir='ltr'><strong><em>παθεῖν</em></strong></span> <span class='ocrx_word' id='word_1_204' title='bbox 1135 3065 1169 3106; x_wconf 87' lang='grc' dir='ltr'>τι</span> <span class='ocrx_word' id='word_1_205' title='bbox 1181 3038 1237 3106; x_wconf 83' lang='grc' dir='ltr'>τὸν</span> <span class='ocrx_word' id='word_1_206' title='bbox 1257 3036 1418 3123; x_wconf 70' lang='grc' dir='ltr'><strong><em>ιΙέόχιχιιόν</em></strong></span> 
     </span>
     <span class='ocr_line' id='line_1_26' title="bbox 291 3137 1416 3233; baseline -0.004 -23"><span class='ocrx_word' id='word_1_207' title='bbox 291 3165 381 3233; x_wconf 80' lang='grc' dir='ltr'><strong><em>φασι</em></strong></span> <span class='ocrx_word' id='word_1_208' title='bbox 405 3145 460 3210; x_wconf 86' lang='grc' dir='ltr'><strong><em>καί</em></strong></span> <span class='ocrx_word' id='word_1_209' title='bbox 484 3147 648 3233; x_wconf 83' lang='grc' dir='ltr'><strong><em>δακρῦσαι</em></strong></span> <span class='ocrx_word' id='word_1_210' title='bbox 669 3144 738 3213; x_wconf 86' lang='grc' dir='ltr'><strong><em>καί</em></strong></span> <span class='ocrx_word' id='word_1_211' title='bbox 759 3142 925 3221; x_wconf 86' lang='grc' dir='ltr'><strong><em>πάντας</em></strong></span> <span class='ocrx_word' id='word_1_212' title='bbox 948 3137 1126 3229; x_wconf 83' lang='grc' dir='ltr'><strong><em>άφεῖναι</em></strong></span> <span class='ocrx_word' id='word_1_213' title='bbox 1150 3141 1416 3228; x_wconf 80' lang='grc' dir='ltr'><strong><em>ἐλευθέρους</em></strong></span> 
     </span>
     <span class='ocr_line' id='line_1_27' title="bbox 290 3245 1413 3338; baseline 0 -27"><span class='ocrx_word' id='word_1_214' title='bbox 290 3245 370 3324; x_wconf 83' lang='grc' dir='ltr'>τούς</span> <span class='ocrx_word' id='word_1_215' title='bbox 392 3253 439 3334; x_wconf 75' lang='grc' dir='ltr'>τῷ</span> <span class='ocrx_word' id='word_1_216' title='bbox 470 3248 567 3314; x_wconf 78' lang='grc' dir='ltr'><strong><em>παιδί</em></strong></span> <span class='ocrx_word' id='word_1_217' title='bbox 591 3245 831 3338; x_wconf 80' lang='grc' dir='ltr'><strong><em>προσήκοντας.</em></strong></span> <span class='ocrx_word' id='word_1_218' title='bbox 883 3247 923 3312; x_wconf 91' lang='lat' dir='ltr'>In</span> <span class='ocrx_word' id='word_1_219' title='bbox 942 3247 993 3312; x_wconf 90' lang='lat' dir='ltr'>his</span> <span class='ocrx_word' id='word_1_220' title='bbox 1015 3251 1052 3311; x_wconf 88' lang='lat' dir='ltr'>ut</span> <span class='ocrx_word' id='word_1_221' title='bbox 1080 3245 1290 3311; x_wconf 86' lang='lat' dir='ltr'>intolerabilis</span> <span class='ocrx_word' id='word_1_222' title='bbox 1312 3268 1413 3311; x_wconf 91' lang='lat' dir='ltr'>remo·</span> 
     </span>
     <span class='ocr_line' id='line_1_28' title="bbox 289 3343 1501 3437; baseline -0.001 -17"><span class='ocrx_word' id='word_1_223' title='bbox 289 3359 427 3422; x_wconf 88' lang='lat' dir='ltr'>veretur</span> <span class='ocrx_word' id='word_1_224' title='bbox 447 3355 554 3421; x_wconf 85' lang='lat' dir='ltr'>hiatus</span> <span class='ocrx_word' id='word_1_225' title='bbox 590 3355 759 3422; x_wconf 90' lang='lat' dir='ltr'>Benselero</span> <span class='ocrx_word' id='word_1_226' title='bbox 787 3353 943 3437; x_wconf 85' lang='lat' dir='ltr'>placuisse</span> <span class='ocrx_word' id='word_1_227' title='bbox 969 3353 1111 3419; x_wconf 89' lang='lat' dir='ltr'>inserere</span> <span class='ocrx_word' id='word_1_228' title='bbox 1139 3353 1309 3418; x_wconf 88' lang='lat' dir='ltr'>articulum</span> <span class='ocrx_word' id='word_1_229' title='bbox 1343 3359 1418 3419; x_wconf 89' lang='lat' dir='ltr'>ante</span> <span class='ocrx_word' id='word_1_230' title='bbox 1492 3343 1501 3363; x_wconf 70' lang='lat'>⁸</span> 
     </span>
     <span class='ocr_line' id='line_1_29' title="bbox 292 3456 1418 3548; baseline -0.001 -24"><span class='ocrx_word' id='word_1_231' title='bbox 292 3457 496 3548; x_wconf 79' lang='grc' dir='ltr'><strong><em>ἐλευθέρους</em></strong></span> <span class='ocrx_word' id='word_1_232' title='bbox 522 3479 621 3542; x_wconf 88' lang='lat' dir='ltr'>prope</span> <span class='ocrx_word' id='word_1_233' title='bbox 653 3464 702 3524; x_wconf 90' lang='lat' dir='ltr'>est</span> <span class='ocrx_word' id='word_1_234' title='bbox 729 3464 766 3523; x_wconf 91' lang='lat' dir='ltr'>ut</span> <span class='ocrx_word' id='word_1_235' title='bbox 793 3459 948 3544; x_wconf 89' lang='lat' dir='ltr'>indigner.</span> <span class='ocrx_word' id='word_1_236' title='bbox 999 3457 1082 3536; x_wconf 79' lang='lat' dir='ltr'>Quid</span> <span class='ocrx_word' id='word_1_237' title='bbox 1111 3456 1235 3523; x_wconf 80' lang='lat' dir='ltr'>multa?</span> <span class='ocrx_word' id='word_1_238' title='bbox 1269 3458 1343 3523; x_wconf 89' lang='lat' dir='ltr'>Una</span> <span class='ocrx_word' id='word_1_239' title='bbox 1369 3463 1418 3523; x_wconf 88' lang='lat' dir='ltr'>est</span> 
     </span>
     <span class='ocr_line' id='line_1_30' title="bbox 290 3561 1415 3650; baseline 0 -22"><span class='ocrx_word' id='word_1_240' title='bbox 290 3582 391 3646; x_wconf 87' lang='lat' dir='ltr'>eaque</span> <span class='ocrx_word' id='word_1_241' title='bbox 425 3562 601 3628; x_wconf 86' lang='lat' dir='ltr'>certissima</span> <span class='ocrx_word' id='word_1_242' title='bbox 634 3561 814 3630; x_wconf 87' lang='lat' dir='ltr'>emendatio</span> <span class='ocrx_word' id='word_1_243' title='bbox 849 3564 877 3629; x_wconf 86' lang='lat' dir='ltr'>si</span> <span class='ocrx_word' id='word_1_244' title='bbox 911 3563 1111 3650; x_wconf 79' lang='grc' dir='ltr'><strong><em>ἐλευθέρους</em></strong></span> <span class='ocrx_word' id='word_1_245' title='bbox 1150 3564 1244 3646; x_wconf 84' lang='lat' dir='ltr'>plane</span> <span class='ocrx_word' id='word_1_246' title='bbox 1275 3564 1415 3630; x_wconf 82' lang='lat' dir='ltr'>eiciatur.</span> 
     </span>
     <span class='ocr_line' id='line_1_31' title="bbox 290 3665 1416 3752; baseline 0.002 -21"><span class='ocrx_word' id='word_1_247' title='bbox 290 3665 382 3745; x_wconf 80' lang='lat' dir='ltr'>Quod</span> <span class='ocrx_word' id='word_1_248' title='bbox 409 3665 662 3734; x_wconf 88' lang='lat' dir='ltr'>additamentum</span> <span class='ocrx_word' id='word_1_249' title='bbox 690 3672 798 3734; x_wconf 85' lang='lat' dir='ltr'>estex</span> <span class='ocrx_word' id='word_1_250' title='bbox 826 3689 865 3734; x_wconf 93' lang='lat' dir='ltr'>eo</span> <span class='ocrx_word' id='word_1_251' title='bbox 886 3689 1017 3752; x_wconf 85' lang='lat' dir='ltr'>genere,</span> <span class='ocrx_word' id='word_1_252' title='bbox 1048 3666 1137 3732; x_wconf 78' lang='lat' dir='ltr'>curius</span> <span class='ocrx_word' id='word_1_253' title='bbox 1158 3667 1298 3748; x_wconf 89' lang='lat' dir='ltr'>plurima</span> <span class='ocrx_word' id='word_1_254' title='bbox 1317 3667 1416 3733; x_wconf 91' lang='lat' dir='ltr'>libros</span> 
     </span>
     <span class='ocr_line' id='line_1_32' title="bbox 290 3771 1416 3860; baseline 0.004 -24"><span class='ocrx_word' id='word_1_255' title='bbox 290 3772 496 3838; x_wconf 85' lang='lat' dir='ltr'>Plutarcheos</span> <span class='ocrx_word' id='word_1_256' title='bbox 510 3772 655 3840; x_wconf 90' lang='lat' dir='ltr'>obsidere</span> <span class='ocrx_word' id='word_1_257' title='bbox 670 3774 794 3855; x_wconf 87' lang='lat' dir='ltr'>saepius</span> <span class='ocrx_word' id='word_1_258' title='bbox 809 3772 929 3839; x_wconf 88' lang='lat' dir='ltr'>dictum</span> <span class='ocrx_word' id='word_1_259' title='bbox 945 3778 993 3839; x_wconf 90' lang='lat' dir='ltr'>est</span> <span class='ocrx_word' id='word_1_260' title='bbox 1010 3771 1121 3854; x_wconf 83' lang='lat' dir='ltr'>(Cobet</span> <span class='ocrx_word' id='word_1_261' title='bbox 1130 3771 1194 3837; x_wconf 89' lang='lat' dir='ltr'>VL.</span> <span class='ocrx_word' id='word_1_262' title='bbox 1206 3793 1236 3854; x_wconf 93' lang='lat' dir='ltr'>p.</span> <span class='ocrx_word' id='word_1_263' title='bbox 1251 3776 1310 3838; x_wconf 80' lang='lat'>371</span> <span class='ocrx_word' id='word_1_264' title='bbox 1326 3776 1416 3860; x_wconf 86' lang='lat' dir='ltr'>sqq.).</span> 
     </span>
     <span class='ocr_line' id='line_1_33' title="bbox 291 3871 1416 3964; baseline 0.002 -23"><span class='ocrx_word' id='word_1_265' title='bbox 291 3877 413 3960; x_wconf 88' lang='lat' dir='ltr'>Nempe</span> <span class='ocrx_word' id='word_1_266' title='bbox 424 3899 488 3944; x_wconf 89' lang='lat' dir='ltr'>non</span> <span class='ocrx_word' id='word_1_267' title='bbox 503 3878 662 3944; x_wconf 84' lang='lat' dir='ltr'>intellexit</span> <span class='ocrx_word' id='word_1_268' title='bbox 673 3878 784 3956; x_wconf 77' lang='lat' dir='ltr'>scriba,</span> <span class='ocrx_word' id='word_1_269' title='bbox 797 3877 954 3962; x_wconf 92' lang='lat' dir='ltr'>quomodo</span> <span class='ocrx_word' id='word_1_270' title='bbox 969 3871 1105 3964; x_wconf 77' lang='grc' dir='ltr'><strong><em>ἀφεῖναι</em></strong></span> <span class='ocrx_word' id='word_1_271' title='bbox 1117 3896 1176 3958; x_wconf 92' lang='lat' dir='ltr'>per</span> <span class='ocrx_word' id='word_1_272' title='bbox 1192 3897 1226 3940; x_wconf 89' lang='lat' dir='ltr'>se</span> <span class='ocrx_word' id='word_1_273' title='bbox 1238 3875 1416 3960; x_wconf 86' lang='lat' dir='ltr'>significare</span> 
     </span>
     <span class='ocr_line' id='line_1_34' title="bbox 290 3979 1417 4065; baseline -0.001 -18"><span class='ocrx_word' id='word_1_274' title='bbox 290 3981 431 4064; x_wconf 90' lang='lat' dir='ltr'>potuerit</span> <span class='ocrx_word' id='word_1_275' title='bbox 459 3985 584 4046; x_wconf 79' lang='lat' dir='ltr'>liberum</span> <span class='ocrx_word' id='word_1_276' title='bbox 612 3985 737 4065; x_wconf 65' lang='grc' dir='ltr'><strong><em>τίνουσαι</em></strong></span> <span class='ocrx_word' id='word_1_277' title='bbox 763 3985 925 4059; x_wconf 73' lang='lat' dir='ltr'>dimittere,</span> <span class='ocrx_word' id='word_1_278' title='bbox 956 3981 1011 4064; x_wconf 88' lang='lat' dir='ltr'>qui</span> <span class='ocrx_word' id='word_1_279' title='bbox 1038 3979 1100 4045; x_wconf 89' lang='lat' dir='ltr'>isto</span> <span class='ocrx_word' id='word_1_280' title='bbox 1128 3980 1346 4062; x_wconf 87' lang='lat' dir='ltr'>supplemento</span> <span class='ocrx_word' id='word_1_281' title='bbox 1375 3981 1417 4046; x_wconf 91' lang='lat' dir='ltr'>ad</span> 
     </span>
     <span class='ocr_line' id='line_1_35' title="bbox 290 4085 1417 4169; baseline 0.003 -18"><span class='ocrx_word' id='word_1_282' title='bbox 290 4085 523 4152; x_wconf 85' lang='lat' dir='ltr'>inlustrandam</span> <span class='ocrx_word' id='word_1_283' title='bbox 560 4087 750 4152; x_wconf 88' lang='lat' dir='ltr'>sententiam</span> <span class='ocrx_word' id='word_1_284' title='bbox 783 4108 861 4169; x_wconf 86' lang='lat' dir='ltr'>opus</span> <span class='ocrx_word' id='word_1_285' title='bbox 899 4107 966 4153; x_wconf 85' lang='lat' dir='ltr'>esse</span> <span class='ocrx_word' id='word_1_286' title='bbox 1004 4085 1155 4152; x_wconf 90' lang='lat' dir='ltr'>credebat</span> <span class='ocrx_word' id='word_1_287' title='bbox 1184 4086 1234 4152; x_wconf 80' lang='lat' dir='ltr'>uel</span> <span class='ocrx_word' id='word_1_288' title='bbox 1264 4089 1417 4154; x_wconf 88' lang='lat' dir='ltr'>memoria</span> 
     </span>
     <span class='ocr_line' id='line_1_36' title="bbox 290 4191 1415 4275; baseline 0.001 -15"><span class='ocrx_word' id='word_1_289' title='bbox 290 4194 422 4260; x_wconf 89' lang='lat' dir='ltr'>tenebat</span> <span class='ocrx_word' id='word_1_290' title='bbox 441 4193 561 4260; x_wconf 89' lang='lat' dir='ltr'>similes</span> <span class='ocrx_word' id='word_1_291' title='bbox 583 4193 729 4259; x_wconf 88' lang='lat' dir='ltr'>similiter</span> <span class='ocrx_word' id='word_1_292' title='bbox 752 4193 964 4258; x_wconf 82' lang='lat' dir='ltr'>conformatos</span> <span class='ocrx_word' id='word_1_293' title='bbox 988 4193 1073 4258; x_wconf 86' lang='lat' dir='ltr'>locos</span> <span class='ocrx_word' id='word_1_294' title='bbox 1095 4191 1181 4275; x_wconf 89' lang='lat' dir='ltr'>apud</span> <span class='ocrx_word' id='word_1_295' title='bbox 1203 4192 1415 4274; x_wconf 85' lang='lat' dir='ltr'>Plutarchum,</span> 
     </span>
     <span class='ocr_line' id='line_1_37' title="bbox 290 4293 1414 4388; baseline 0.003 -24"><span class='ocrx_word' id='word_1_296' title='bbox 290 4301 388 4367; x_wconf 90' lang='lat' dir='ltr'>veluti</span> <span class='ocrx_word' id='word_1_297' title='bbox 407 4301 441 4366; x_wconf 91' lang='lat' dir='ltr'>in</span> <span class='ocrx_word' id='word_1_298' title='bbox 457 4300 523 4366; x_wconf 86' lang='lat' dir='ltr'>vita</span> <span class='ocrx_word' id='word_1_299' title='bbox 536 4301 673 4366; x_wconf 87' lang='lat' dir='ltr'>Demetr.</span> <span class='ocrx_word' id='word_1_300' title='bbox 692 4303 728 4366; x_wconf 84' lang='lat'>15</span> <span class='ocrx_word' id='word_1_301' title='bbox 744 4293 829 4365; x_wconf 76' lang='grc' dir='ltr'><strong><em>ὥστε</em></strong></span> <span class='ocrx_word' id='word_1_302' title='bbox 852 4297 1035 4387; x_wconf 80' lang='grc' dir='ltr'><strong><em>ἐλευθέρας</em></strong></span> <span class='ocrx_word' id='word_1_303' title='bbox 1055 4295 1192 4388; x_wconf 76' lang='grc' dir='ltr'><strong><em>ἀφεῖναι</em></strong></span> <span class='ocrx_word' id='word_1_304' title='bbox 1211 4299 1271 4378; x_wconf 79' lang='grc' dir='ltr'>τὰς</span> <span class='ocrx_word' id='word_1_305' title='bbox 1287 4297 1414 4381; x_wconf 88' lang='grc' dir='ltr'><strong><em>πόλεις.</em></strong></span> 
     </span>
     <span class='ocr_line' id='line_1_38' title="bbox 291 4399 1413 4492; baseline -0.003 -23"><span class='ocrx_word' id='word_1_306' title='bbox 291 4402 443 4492; x_wconf 82' lang='lat' dir='ltr'>Geminus</span> <span class='ocrx_word' id='word_1_307' title='bbox 465 4405 514 4467; x_wconf 84' lang='lat' dir='ltr'>est</span> <span class='ocrx_word' id='word_1_308' title='bbox 534 4401 621 4466; x_wconf 89' lang='lat' dir='ltr'>locus</span> <span class='ocrx_word' id='word_1_309' title='bbox 635 4399 846 4467; x_wconf 89' lang='lat' dir='ltr'>commenticii</span> <span class='ocrx_word' id='word_1_310' title='bbox 860 4399 1024 4464; x_wconf 86' lang='lat' dir='ltr'>Plutarchi</span> <span class='ocrx_word' id='word_1_311' title='bbox 1042 4399 1082 4466; x_wconf 89' lang='lat' dir='ltr'>de</span> <span class='ocrx_word' id='word_1_312' title='bbox 1097 4399 1170 4464; x_wconf 91' lang='lat' dir='ltr'>mul.</span> <span class='ocrx_word' id='word_1_313' title='bbox 1188 4400 1259 4467; x_wconf 83' lang='lat' dir='ltr'>virt.</span> <span class='ocrx_word' id='word_1_314' title='bbox 1275 4421 1306 4482; x_wconf 89' lang='lat' dir='ltr'>p.</span> <span class='ocrx_word' id='word_1_315' title='bbox 1320 4402 1413 4468; x_wconf 75' lang='lat' dir='ltr'>need</span> 
     </span>
     <span class='ocr_line' id='line_1_39' title="bbox 291 4499 1415 4596; baseline -0.001 -23"><span class='ocrx_word' id='word_1_316' title='bbox 291 4505 348 4594; x_wconf 72' lang='grc' dir='ltr'>τὴν</span> <span class='ocrx_word' id='word_1_317' title='bbox 369 4507 405 4572; x_wconf 78' lang='lat' dir='ltr'>dd</span> <span class='ocrx_word' id='word_1_318' title='bbox 432 4502 634 4590; x_wconf 87' lang='grc' dir='ltr'><strong><em>Τιμόκλειαν</em></strong></span> <span class='ocrx_word' id='word_1_319' title='bbox 656 4502 792 4596; x_wconf 80' lang='grc' dir='ltr'><strong><em>ἀφῆκεν,</em></strong></span> <span class='ocrx_word' id='word_1_320' title='bbox 823 4501 924 4590; x_wconf 81' lang='grc' dir='ltr'><strong><em>αὐτήν</em></strong></span> <span class='ocrx_word' id='word_1_321' title='bbox 946 4528 983 4569; x_wconf 91' lang='grc' dir='ltr'>τε</span> <span class='ocrx_word' id='word_1_322' title='bbox 1005 4503 1061 4570; x_wconf 85' lang='grc' dir='ltr'><strong><em>καί</em></strong></span> <span class='ocrx_word' id='word_1_323' title='bbox 1083 4500 1212 4581; x_wconf 86' lang='grc' dir='ltr'><strong><em>πάντας</em></strong></span> <span class='ocrx_word' id='word_1_324' title='bbox 1234 4499 1310 4570; x_wconf 80' lang='grc' dir='ltr'><strong><em>ὅσοι</em></strong></span> <span class='ocrx_word' id='word_1_325' title='bbox 1329 4505 1415 4572; x_wconf 82' lang='grc' dir='ltr'><strong><em>κατὰ</em></strong></span> 
     </span>
     <span class='ocr_line' id='line_1_40' title="bbox 292 4604 1189 4702; baseline -0.006 -22"><span class='ocrx_word' id='word_1_326' title='bbox 292 4611 386 4702; x_wconf 75' lang='grc' dir='ltr'><strong><em>γένος</em></strong></span> <span class='ocrx_word' id='word_1_327' title='bbox 407 4604 493 4700; x_wconf 74' lang='grc' dir='ltr'><strong><em>αὐτῇ</em></strong></span> <span class='ocrx_word' id='word_1_328' title='bbox 515 4607 739 4700; x_wconf 77' lang='grc' dir='ltr'><strong><em>προσήκοντες</em></strong></span> <span class='ocrx_word' id='word_1_329' title='bbox 763 4605 962 4700; x_wconf 77' lang='grc' dir='ltr'><strong><em>εὑρέθησαν.</em></strong></span> <span class='ocrx_word' id='word_1_330' title='bbox 1186 4611 1189 4615; x_wconf 63' lang='grc'>“</span> 
     </span>
    </p>
   </div>
   <div class='ocr_carea' id='block_1_5' title="bbox 0 0 1781 5392">
    <p class='ocr_par' dir='ltr' id='par_1_6' title="bbox 0 0 1781 5392">
     <span class='ocr_line' id='line_1_41' title="bbox 0 0 1781 5392; baseline 0 0"><span class='ocrx_word' id='word_1_331' title='bbox 0 0 1781 5392; x_wconf 95' lang='lat' dir='ltr'> </span> 
     </span>
    </p>
   </div>
  </div>
 </body>
</html>
