3534 5392
812 427 1032 490 -56-.

357 582 521 666 usurpavit
541 582 610 667 ipse
629 584 818 652 Plutarchus
838 585 927 652 110111.
947 587 1033 654 Paul.
1055 593 1095 656 33
1118 586 1174 656 καλ
1196 576 1488 676 δάκρυαπολλοῖς

357 682 531 769 ἐκβάλλειν
555 687 691 774 συνέβη,
714 693 748 753 01
772 688 913 753 omnium
942 683 1127 771 saepissime
1145 690 1328 777 Euripides,
1347 699 1385 761 ut
1410 694 1485 763 inde

357 812 501 858 manasse
526 790 677 858 credibile
700 791 754 871 sit,
778 791 1022 868 1011111Ηο0111).
1046 797 1108 860 298
1130 791 1201 880 ἥτις
1228 794 1374 864 κλύουσα
1397 795 1485 888 θρή-

358 921 436 975 νους
458 890 516 961 οόκ
540 890 580 961 dv
601 894 738 979 ἐκβάλοι
762 893 876 983 δάκρυ,
901 897 1055 982 Iphig.rh
1072 905 1130 966 451
1152 897 1303 983 ἐκβαλεῖν
1327 899 1489 988 αἰδοῦμαι

357 994 462 1086 δάκρυ
489 1000 568 1065 conl.
591 1023 617 1064 v.
634 1007 694 1067 477
718 997 781 1087 ἐγώ
805 995 834 1068 o'
859 995 918 1066 ἀπ’
944 993 1052 1068 όσσιυν
1075 998 1243 1084 ἐκβαλόντ’
1268 1003 1346 1072 ἰδών
1361 1003 1482 1094 Ιδάκρυ,

356 1105 459 1189 Iphig.
480 1105 512 1169 T.
525 1108 587 1171 228
607 1101 758 1188 (ξείνων)
782 1102 914 1192 οἰκτρόν
936 1100 963 1169 τ’
987 1101 1214 1187 ἐκβαλλόντων
1237 1106 1380 1199 δάκρυον
1402 1113 1481 1181 00111

357 1212 424 1278 Ion.
455 1216 517 1278 924
545 1210 656 1276 Helen.
685 1216 764 1278 1336
793 1210 887 1276 Herc.
917 1209 977 1276 fur.
1009 1217 1070 1280 933
1099 1211 1184 1279 Aeol
1215 1214 1294 1301 frag.
1324 1217 1482 1306 XXIH*).

356 1318 473 1396 Quodsi
496 1319 576 1384 haec
596 1317 804 1384 concedamus
825 1316 960 1384 indubia
981 1339 1063 1397 esse,
1085 1341 1149 1385 non
1166 1321 1258 1388 video
1279 1323 1356 1406 quid
1371 1346 1482 1392 causae

356 1424 411 1502 sit,
441 1447 499 1489 cur
520 1420 693 1506 ἐκβάλλειν
715 1446 754 1489 ea
775 1423 906 1490 licentia
934 1423 987 1488 hio
1015 1429 1200 1506 usurpatum
1227 1447 1293 1494 esse
1315 1449 1481 1510 sumamus,

356 1555 453 1618 quam
471 1553 546 1597 usus
567 1534 699 1598 0110110
717 1532 890 1615 reprobare
906 1531 1058 1598 videatur.
1092 1534 1195 1612 Quare
1218 1534 1331 1618 reponi
1354 1535 1482 1604 mallem

358 1638 414 1704 καὶ
442 1634 585 1724 δάκρυον
613 1638 792 1705 ἐκκαλεῖ
820 1639 912 1721 (conl.
944 1639 1024 1704 Plut.
1054 1629 1165 1707 Pericl.
1199 1648 1225 1708 1.
1245 1641 1301 1727 τὴν
1332 1642 1484 1720 διάνοιαν

357 1739 494 1827 ἐπάγειν
520 1744 573 1808 δεῖ
597 1740 777 1826 θεάμασιν·
798 1731 820 1806 ii
842 1745 890 1828 τῷ
915 1739 1044 1828 χαίρειν
1068 1741 1154 1828 πρὸς
1176 1742 1214 1809 τό
1239 1741 1360 1811 οἰκεῖον
1381 1739 1482 1834 αὐτὴν

357 1844 489 1933 άγαθόν
512 1845 700 1922 ἐκκαλεῖ)
721 1847 770 1913 101
794 1841 937 1933 δάκρυον
959 1843 1189 1927 ἐκβάλλειν
1213 1852 1342 1914 ποιεῖ.

440 1953 584 2021 Verbum
604 1951 771 2032 ἐκκαλεῖν,
796 1954 885 2020 cuius
906 1953 976 2046 loce
1002 1951 1151 2018 usitatius
1173 1957 1242 2019 erat
1263 1954 1402 2021 medium
1426 1954 1480 2020 ἐκ-

357 2060 553 2134 καλεῖσθαι,
576 2049 739 2124 commode
761 2079 812 2124 me
834 2057 997 2134 admouet,
1018 2060 1055 2120 ut
1073 2075 1166 2138 opem
1188 2055 1290 2124 feram
1305 2057 1476 2124 Plutarcho

354 2167 418 2232 alio
444 2167 515 2232 loeo
543 2128 672 2253 mist,
686 2164 790 2230 adhuc
817 2164 991 2246 depravato
1016 2163 1052 2227 in
1080 2162 1198 2228 Erotio.
1220 2183 1250 2244 p.
1272 2168 1333 2230 765
1349 2185 1379 2241 0,
1412 2164 1476 2242 ubi,

355 2273 534 2355 quicunque
557 2269 698 2335 fruentes
718 2267 836 2334 amoris
856 2268 949 2352 ignes
967 2267 1165 2352 restinguere
1183 2285 1358 2348 >eorumque
1378 2266 1413 2330 in
1433 2268 1478 2332 vi·

356 2397 425 2441 cem
446 2379 544 2439 λιιννιικ
564 2377 660 2456 atque
683 2373 835 2456 fulporem
864 2372 1055 2438 substituere
1082 2371 1194 2450 velint,
1223 2373 1365 2455 corporis
1386 2395 1481 2440 venu-

354 2483 482 2555 statem,
503 2478 592 2543 cuius
612 2476 764 2559 adspectu
783 2477 917 2544 coeundi
937 2476 1098 2559 adpetitus
1118 2475 1299 2554 suscitetur,
1316 2483 1481 2560 praeterite

354 2584 519 2662 iubentur,
548 2587 585 2648 ut
613 2582 699 2648 omui
726 2602 808 2665 quae
829 2581 915 2646 circa
935 2580 1075 2663 corporis
1094 2579 1205 2644 florem
1226 2584 1369 2644 versetur
1395 2579 1480 2646 volu·

354 2693 443 2771 ptate
465 2687 617 2769 seposita,
639 2685 740 2750 multo
760 2683 824 2750 iam
846 2682 1035 2748 diviniorem
1057 2680 1383 2764 praestantioremque
1406 2703 1478 2747 con·

356 2796 517 2857 sectentur
544 2794 709 2852 σνιλνιιοπιυι
747 2808 888 2853 amorem
916 2790 1013 2870 atque
1043 2784 1310 2861 coniunctionem,
1338 2792 1408 2868 qua*
1430 2807 1479 2852 sa-

353 2894 476 2976 pientia
496 2897 530 2957 et
547 2891 689 2974 reliquae
711 2890 844 2955 virtutes
865 2891 1039 2971 pariantur.
1075 2890 1163 2955 Haec
1183 2911 1265 2972 quae
1282 2889 1478 2956 Platonicam

313 2989 323 3015 ⁸
353 3014 483 3076 prorsus
509 2992 648 3073 resipere
675 2989 764 3056 vides
791 2990 982 3071 doctrinam,
1013 2991 1060 3056 ita
1087 2987 1236 3074 expressa
1261 2987 1481 3060 ε11111οόκδν

355 3087 373 3159 ό
397 3090 502 3170 πσλός
518 3089 645 3180 χρόνος,
669 3089 704 3157 ἐν
726 3079 810 3177 qiud
833 3115 869 3157 τε
892 3093 988 3172 σῶμα
1010 3090 1049 3156 τό
1070 3094 1136 3156 τῶν
1156 3091 1330 3180 ἐρωμένων
1352 3093 1479 3184 παρελ-

354 3192 476 3275 θόντες
497 3193 563 3263 ἐστο
586 3197 761 3282 φέρονται,
786 3196 842 3263 καί
865 3193 1031 3262 ἅπτονται
1053 3199 1114 3262 τοῦ
1136 3189 1260 3282 ἤθους,
1282 3187 1480 3266 ἐκκαλυό-

354 3325 485 3384 μενος
504 3299 579 3379 τάς
608 3291 751 3385 dibeas,
781 3302 958 3388 καθορῶσι
986 3299 1043 3366 καί
1066 3298 1275 3387 συγγίνονται
1298 3299 1354 3366 διά
1374 3301 1482 3389 λόγων

355 3404 467 3471 πολλὰ
490 3403 546 3469 καὶ
568 3399 721 3491 πράξεων
737 3398 912 3490 ἀλλήλοις,
938 3397 978 3468 δν
997 3401 1190 3492 περίκομμα
1213 3406 1275 3470 τοῦ
1295 3407 1401 3470 κακοῦ
1422 3407 1479 3473 καὶ

354 3505 493 3574 εἴδωλον
515 3506 550 3572 ἐν
570 3511 644 3584 ταῖς
666 3502 833 3584 διανοίαίς
855 3503 981 3588 ἔχωσιν.
1013 3508 1133 3587 Quibus
1154 3513 1190 3575 ut
1210 3509 1313 3592 proba
1330 3509 1389 3576 fiat
1408 3533 1478 3578 seu·

352 3618 454 3682 tentia
479 3621 513 3682 et
541 3615 665 3701 singrda
691 3620 777 3682 recte
803 3617 1008 3696 cohaereant,
1037 3618 1307 3702 promptissimum
1334 3620 1394 3686 hoc
1421 3621 1476 3687 ad·

353 3720 530 3788 movebitur
557 3721 732 3787 remedium
760 3725 797 3785 111
826 3721 985 3792 scribatur
1013 3721 1069 3787 καὶ
1102 3718 1269 3788 ἅπτονται
1290 3725 1351 3810 τοῦ
1372 3716 1480 3810 ἤθους

352 3819 424 3885 καὶ
446 3817 730 3900 ἐξακούμενοι
751 3817 824 3898 σάς
844 3812 974 3906 debete
995 3823 1170 3905 καθορῶσι
1191 3820 1248 3887 καὶ
1270 3822 1479 3908 συγγίνονται

353 3921 410 3989 διά
424 3920 532 4010 λόγων
555 3921 666 4004 πολλά
682 3923 762 4004 κτλ,
787 3946 869 4008 quae
885 3924 932 3990 ita
944 3925 1076 3992 liberius
1091 3925 1297 4008 interpretari
1312 3926 1401 3994 licet:
1425 3929 1481 4012 qui

420 4128 446 4192 *l
476 4129 505 4182 ln
529 4131 582 4185 hoc
606 4139 757 4186 transcursu
782 4137 879 4188 notabo
908 4131 1033 4208 δάκρυον
1057 4131 1167 4206 ἐξάγειν
1191 4137 1293 4189 dixisse
1319 4137 1385 4191 Plut.
1411 4137 1476 4194 Mor.

350 4229 377 4279 p.
395 4213 464 4277 6111,
488 4210 596 4287 δάκρυα
615 4212 752 4289 προάγειν
770 4215 857 4284 Eurlp.
877 4219 984 4285 lpus.
1006 4221 1087 4286 1550,
1112 4223 1150 4281 sic
1167 4215 1275 4294 δάκρυα
1298 4218 1477 4292 προάγεσθαι

351 4299 445 4365 (pass.)
464 4300 526 4355 Zon.
545 4304 637 4354 Annei.
656 4302 700 4369 tv,
720 4299 743 4356 3'
755 4319 781 4370 p.
801 4305 866 4370 314,
887 4307 903 4358 4
924 4307 991 4360 conl.
1010 4323 1035 4373 p.
1049 4307 1108 4371 318,
1130 4310 1160 4360 12
1180 4308 1295 4375 (loseph.
1313 4312 1399 4378 ¹llntiq.
1419 4311 1475 4366 Iud.

349 4387 394 4453 111,
409 4390 434 4453 5,
449 4391 464 4440 5
481 4394 565 4461 μέχρι
582 4394 631 4446 τοῦ
641 4388 773 4467 δακρύειν
791 4388 997 4463 προήχθησαν),
1016 4387 1124 4466 δάκρυα
1143 4394 1272 4468 ἐκφέρειν
1285 4396 1397 4464 Procop.
1412 4397 1440 4452 h.
1454 4414 1476 4452 a.

349 4491 375 4540 p.
393 4477 442 4539 57,
462 4479 487 4544 3,
506 4473 631 4551 δάκρυον
654 4477 800 4534 ὑποκινεῖν
818 4480 846 4534 S.
866 4480 960 4552 Chrys.
980 4482 1014 4532 de
1031 4481 1131 4550 Babyla
1148 4499 1174 4550 p.
1194 4485 1254 4549 245,
1276 4485 1300 4535 5.
1338 4479 1478 4552 singulare

350 4567 390 4616 est
407 4561 437 4618 ιδ
456 4561 581 4640 δάκρυον
599 4564 806 4639 καταλαμβάνει
823 4566 886 4626 τινά
908 4571 978 4637 apud
995 4571 1098 4624 Annam
1116 4569 1207 4626 (lemn.
1226 4571 1259 4640 V,
1279 4573 1294 4625 8
1311 4588 1337 4641 p.
1357 4575 1416 4640 262,
1437 4577 1461 4630 2.
