3534 5392
845 467 1059 534 ..58-

392 630 482 700 ceris.
525 629 626 697 Multo
648 631 750 716 magis
771 631 853 698 mira
871 631 973 700 videri
988 633 1105 700 debent
1126 631 1173 697 τὰ
1193 630 1313 719 pcyvt
1320 613 1422 714 μενοι
1442 630 1520 694 τῶν

393 733 500 827 ὑγροί
505 765 533 818 ν,
555 739 670 827 quibus
691 738 828 805 laudabo
848 739 904 822 qui
921 739 1119 821 probabilem
1141 739 1332 804 sententiam
1349 735 1517 804 extuderit.

392 843 474 909 Nam
494 866 597 928 neque
619 844 646 909 si
662 866 719 926 per
739 845 979 930 grammaticam
999 846 1123 924 liceret,
1145 846 1293 910 humores
1313 846 1367 928 qui
1382 844 1515 909 miscen-

390 955 444 1015 tur
465 956 571 1017 terrae
599 956 632 1016 et
653 952 775 1033 pulveri
797 951 958 1018 commode
983 953 1046 1018 dici
1072 953 1204 1035 possunt
1225 955 1381 1029 eusebes,
1413 970 1518 1033 neque

390 1053 588 1136 probabilior
609 1075 718 1118 eorum
737 1054 960 1136 interpretatio
982 1055 1120 1133 videtur,
1151 1055 1206 1138 qui
1228 1055 1376 1120 humores
1397 1057 1519 1116 terram

390 1156 613 1240 pulveremque
634 1162 805 1242 αλλλοροολτε
823 1158 1024 1243 intellegunt,
1044 1158 1129 1242 quod
1143 1161 1198 1222 cm·
1212 1157 1332 1224 dictum
1350 1155 1518 1222 adfirment

392 1257 432 1322 de
454 1262 542 1323 terra
562 1259 612 1323 vel
639 1258 745 1324 cincre
768 1260 877 1324 bibulo
900 1260 992 1344 (Plin.
1014 1261 1044 1324 h.
1069 1282 1098 1323 n.
1121 1259 1231 1338 XVII,
1264 1259 1317 1346 37)
1348 1255 1517 1341 qnandoa

392 1361 535 1427 siccitate
553 1363 703 1428 continua
724 1364 950 1430 immaduerint
969 1364 1083 1442 imbre,
1106 1365 1186 1428 mihi
1205 1363 1332 1447 quidem
1348 1361 1513 1442 inconper-

342 1492 344 1497 ·
390 1467 459 1526 tum
480 1467 536 1527 est.
581 1463 784 1529 coniectandi
807 1466 834 1529 si
850 1466 942 1547 copia
957 1466 1058 1544 datur,
1081 1465 1270 1530 crediderim
1285 1464 1364 1530 haec
1382 1464 1416 1527 in
1431 1463 1516 1526 huno

389 1567 488 1633 ferme
520 1567 649 1632 modum
679 1591 700 1633 a
729 1569 899 1634 Plutarcho
930 1569 1058 1650 prodita
1089 1591 1171 1635 esser
1211 1564 1326 1655 ὥσπερ
1361 1563 1423 1645 ἔξω
1458 1566 1515 1650 γῆν

366 1664 521 1757 ,ὁρῶμεν
543 1670 600 1735 καὶ
618 1667 708 1736 κόνιν
732 1672 788 1738 καὶ
810 1673 938 1754 μᾶλλον
966 1671 1013 1738 τὰ
1037 1668 1195 1757 ὑόμενοι
1218 1674 1283 1738 ταῖν
1304 1667 1411 1761 ὑγρῶν
1434 1665 1514 1735 ἅνα-

390 1769 626 1855 λαμβοίνουααν
644 1771 691 1852 εἰς
712 1771 829 1862 ἑαυτήν
845 1774 901 1841 καὶ
923 1770 1160 1862 ἀφανίζουσαν.
1206 1777 1274 1842 Ηοε
1296 1781 1402 1842 autem
1423 1793 1513 1855 prae·

389 1876 470 1940 sidio
486 1875 622 1942 admisso
640 1880 798 1944 sententia
814 1879 909 1964 longe
927 1881 1049 1962 optima
1063 1881 1198 1965 emergit
1212 1881 1305 1946 haec:
1328 1883 1397 1942 sins
1413 1877 1516 1942 edendo

277 2043 282 2051 .
389 1984 559 2061 ιὀλαιιίιλαν,
582 1986 657 2067 quod
676 1987 758 2048 cibus
780 1990 812 2048 ιἰι
832 1971 1009 2050 ammentum
1031 1989 1142 2050 ιὀῖοίαε
1160 1987 1292 2048 rietur-etz·
1312 2006 1366 2046 εαα
1386 1985 1516 2044 siccitate

389 2087 553 2162 humorem,
576 2090 663 2148 cuius
678 2090 793 2168 pusillo
815 2110 915 2170 reapse
936 2094 968 2150 ι’νι
995 2109 1110 2170 corpora
1138 2092 1218 2170 copto
1240 2092 1334 2164 catat,
1366 2085 1515 2148 αοαανοόο

391 2190 723 2270 alternantesque,
745 2194 780 2251 ut
802 2195 834 2252 ι’νι
855 2192 941 2252 retes
962 2195 1090 2254 externis
1112 2195 1219 2252 λαντον
1241 2193 1407 2253 etcinerem
1428 2205 1516 2267 equos

384 2291 505 2370 plumos
533 2292 615 2353 avide
635 2295 667 2353 ιό
694 2313 725 2353 se
746 2295 874 2374 recepere
897 2273 981 2375 etque
1003 2296 1110 2358 aurae
1131 2295 1283 2364 videmia„
1322 2292 1434 2374 Itaque
1464 2289 1511 2352 rei

389 2387 550 2453 cardinem
565 2390 685 2454 versari
703 2390 788 2455 vides
808 2392 844 2455 in
861 2394 1087 2473 conparatione
1107 2415 1214 2458 rerum
1233 2393 1311 2458 adeo
1330 2391 1512 2466 sitientium,

390 2494 427 2553 ut
448 2490 598 2574 quicquid
619 2494 787 2558 accesserit
804 2493 958 2572 humoris,
981 2495 1151 2559 dummodo
1173 2515 1236 2560 non
1253 2495 1399 2571 inundet,
1421 2492 1512 2558 avide

388 2596 588 2665 absorbeant.
639 2598 759 2664 Verum
790 2601 875 2665 enim
904 2622 977 2666 varo
1001 2602 1185 2683 conparatio
1207 2601 1348 2682 corporis
1376 2599 1512 2681 sitientis

387 2723 459 2767 oum
479 2707 567 2769 terra
585 2709 617 2770 et
638 2705 743 2772 cinere
767 2707 910 2772 siccitate
934 2708 1107 2785 exhaustis,
1130 2712 1220 2772 tanto
1243 2708 1345 2792 m'agis
1362 2705 1509 2788 adposita

386 2807 487 2872 videri
508 2810 641 2889 poterit,
673 2810 824 2891 quoniam
846 2801 887 2874 nt'
903 2810 1002 2876 sames
1024 2813 1148 2893 corpori
1170 2811 1393 2877 alimentorum
1415 2829 1507 2890 expe-

385 2901 553 2978 tendoium
583 2912 710 2978 evidens
742 2915 851 2979 existit
880 2908 988 2994 causa,
1021 2918 1069 2982 ita
1100 2921 1203 2983 terrae
1235 2915 1325 2982 arido
1360 2915 1511 2980 esurienti

386 3038 487 3101 aquae
514 3017 664 3084 coelestes
692 3018 782 3101 quasi
804 3020 893 3085 cibus
915 3025 989 3085 sunt
1012 3021 1101 3102 (Plin.
1124 3022 1155 3086 h.
1175 3043 1205 3086 n.
1228 3021 1336 3100 XVII,
1363 3027 1399 3086 12
1422 3020 1510 3085 cibus

386 3123 535 3188 arborum
550 3123 681 3208 imber);
695 3145 797 3207 neque
813 3125 928 3190 cineris
944 3126 1200 3191 commemoratio
1215 3147 1344 3206 prorsus
1358 3125 1510 3190 abhorret

386 3250 406 3293 a
425 3233 567 3294 veterum
587 3251 623 3294 re
641 3229 769 3325 egregia
783 3229 851 3307 (cfr.
867 3230 1020 3314 Didymus
1042 3253 1091 3313 ap.
1108 3232 1205 3314 Geop.
1227 3231 1304 3308 XII;
1327 3238 1347 3297 4
1368 3224 1507 3311 βελτίων

386 3326 514 3416 κόπρος
543 3325 675 3393 πάντων
698 3337 768 3406 τοῖς
796 3326 952 3411 λαχάνοις
982 3331 1090 3420 τέφρα
1121 3332 1341 3396 οοο1.,001ιιαι.
1370 3330 1415 3406 ΙΙ,
1448 3332 1507 3410 15).

385 3432 583 3515 Quamquam
604 3429 813 3508 adare-ctiam
834 3433 1021 3514 simpliciter
1043 3436 1114 3519 quis
1128 3436 1248 3501 dictum
1268 3441 1382 3518 putere
1404 3434 1504 3516 possit

386 3536 425 3601 dc
447 3536 587 3616 pulvere,
610 3535 698 3598 cuius
721 3535 792 3617 quis
812 3529 909 3600 fuerit
930 3559 1003 3601 usus
1025 3539 1059 3602 in
1082 3539 1288 3622 agricultura,
1318 3537 1466 3602 discimus
1488 3556 1508 3600 a

384 3642 541 3723 Theophr.
557 3642 588 3706 h.
602 3641 645 3723 pl.
667 3641 714 3719 II,
737 3649 765 3720 7,
783 3649 803 3708 5
823 3643 920 3725 Geop.
941 3643 1004 3722 III,
1030 3651 1076 3723 lo,
1100 3645 1213 3710 2Plin.
1233 3645 1264 3711 h.
1281 3666 1311 3708 n.
1331 3642 1437 3721 XVII,
1458 3648 1508 3708 49.

383 3748 453 3814 Ηοο
481 3768 581 3811 unum
613 3746 791 3812 addiderim
821 3745 863 3810 τὰ
896 3741 1020 3830 ὑόμενα
1057 3752 1119 3811 τῶν
1153 3743 1257 3837 ὑγρῶν
1289 3748 1406 3830 opponi
1439 3750 1509 3822 τοῖς

386 3848 577 3940 ἑπιρρότοις
607 3851 658 3916 vel
686 3848 854 3933 λιμναίοις
888 3852 939 3916 vel
966 3853 1063 3918 etiam
1093 3851 1252 3938 πηγαίοις
1280 3872 1336 3918 seu
1367 3873 1506 3939 φρεατι-

385 3954 489 4033 αίοις,
513 3978 594 4040 quae
616 3955 772 4041 quomodo
795 3956 859 4020 sint
880 3955 1019 4036 discreta
1038 3958 1073 4021 in
1094 3980 1129 4023 re
1151 3958 1269 4022 rustica
1286 3956 1450 4040 intelleges
1469 3975 1508 4018 ex

384 4061 465 4128 Plut.
487 4061 612 4139 Quaest.
633 4064 735 4127 natur.
761 4067 793 4140 2,
823 4062 879 4126 ubi
909 4083 938 4144 p.
964 4068 1059 4129 912a
1079 4069 1152 4145 post
1178 4063 1243 4127 alia
1269 4062 1309 4127 ab
1337 4059 1507 4125 Aristotele

383 4159 652 4254 ψευδεπιγρόφρι
679 4164 828 4229 docemur
847 4160 900 4228 ὅτι
923 4162 1122 4252 πρόσφατόν
1144 4163 1215 4230 ἐστι
1246 4162 1302 4229 καὶ
1323 4163 1397 4228 νέαν
1418 4157 1507 4247 ὕδωρ

382 4267 429 4333 τό
459 4264 658 4351 teperet,
694 4266 798 4334 ἕωλον
828 4269 865 4334 δὲ
893 4269 950 4334 καὶ
979 4269 1125 4334 παλαιὸν
1155 4267 1193 4334 τὸ
1224 4268 1386 4351 λιμναῖον.
1444 4265 1506 4332 Sed

381 4369 476 4453 plura
489 4368 529 4434 de
551 4369 612 4435 hoo
633 4370 738 4452 capite
758 4369 893 4436 dicenda
911 4375 992 4435 sunt.
1036 4369 1118 4437 Nam
1138 4391 1197 4436 nec
1216 4392 1296 4454 quae
1312 4375 1385 4452 post
1405 4390 1507 4451 pauca

382 4480 557 4560 sequuntur
570 4472 613 4538 τὰ
629 4473 690 4562 γὰρ
706 4467 773 4540 ὑπὸ
790 4472 970 4562 ξηρότητος
991 4466 1012 4560 ἢ
1035 4470 1198 4552 πάθους
1218 4469 1303 4562 ἀργοὶ
1319 4473 1375 4540 καὶ
1396 4472 1503 4561 βαρέα

380 4578 580 4670 μιγνύμενον
602 4577 659 4665 (τὸ
681 4573 796 4667 ὑγρόν)
820 4573 1015 4662 ἀναπέμπει
1035 4577 1092 4646 καὶ
1114 4574 1299 4667 συνεξαίρει
1320 4583 1406 4648 recte
1428 4599 1501 4664 pro-

1653 1807 1654 1822 ι

1653 1939 1654 1960 l

1653 2015 1654 2032 l

1653 2037 1654 2048 ι

1653 2097 1654 2114 l

1523 3159 1528 3173 Ι

1653 3785 1654 3872 l

1653 3879 1654 3894 ι

1653 3971 1654 3978 ι

1653 4093 1654 4108 ι

1653 4117 1654 4134 l
