3534 5392
719 496 762 510 -
806 463 867 528 ld'l
912 495 954 508 -

242 630 392 692 men'mce
412 632 544 694 11111111
564 633 739 713 eriperet.
784 623 875 706 Quod
897 645 968 692 oum
991 625 1071 692 dicit
1090 623 1200 692 (icero
1221 623 1302 690 nihil
1321 641 1394 690 eum

242 727 372 798 dixisse
389 731 482 798 vides
499 731 601 810 aliud,
621 751 717 816 quam
732 729 818 816 quod
832 751 898 809 nos,
916 730 973 814 qui
989 735 1143 796 terebros
1155 732 1277 795 11111111
1290 730 1396 792 Musae
1508 748 1513 760 ·

242 831 354 916 magis
383 833 553 918 magisque
574 834 609 899 in
630 832 698 900 dies
723 834 961 918 conquerimur,
991 832 1077 918 quod
1106 831 1304 900 delectabilis
1332 831 1395 897 ista

241 957 361 1004 rerum
385 939 541 1006 utilitatis
560 939 742 1023 disciplina,
764 939 826 1004 nisi
853 959 926 1006 suos
944 937 1025 1005 lines
1048 937 1159 1024 egredi
1180 937 1394 1022 prohibeatur,

119 1074 120 1078 =
243 1058 366 1106 omnes
394 1041 524 1108 omnino
546 1041 744 1108 liberaliores
766 1041 941 1108 iuventutis
961 1045 1089 1106 nostrae
1107 1040 1239 1124 spiritus
1267 1059 1393 1122 pessum

241 1145 374 1214 datura
390 1148 443 1213 vel
459 1148 651 1216 suffocatum
671 1153 727 1216 est.
767 1149 849 1216 Utut
863 1153 920 1228 est,
940 1147 1022 1214 illud
1038 1149 1108 1215 iure
1124 1148 1249 1213 mireris
1265 1146 1389 1214 dicero·

244 1271 327 1320 nem
350 1254 507 1338 cuiquam
519 1254 645 1340 mystici
666 1254 759 1320 istius
780 1254 962 1321 Plutarcbei
984 1253 1144 1320 diacorum
1164 1254 1288 1320 sonitus
1307 1253 1393 1318 haud

243 1355 531 1423 contemnendum
550 1358 759 1442 interpretem
780 1359 881 1426 visum
912 1379 990 1426 esse.
1043 1359 1173 1426 Etenim
1196 1382 1236 1426 ne
1256 1359 1286 1425 si
1305 1363 1392 1425 recte

244 1462 392 1546 quidem
408 1461 485 1530 inoe
504 1464 685 1532 conclrrsum
702 1470 798 1544 esset,
818 1465 898 1532 disci
919 1484 997 1532 sono
1017 1465 1143 1550 signum
1164 1465 1275 1532 datum
1294 1465 1392 1532 irrisae

244 1569 541 1649 exercitationum,
564 1570 727 1638 commode
738 1571 773 1637 id
793 1572 930 1655 conponi
942 1572 1048 1654 potuit
1060 1592 1132 1637 cum
1148 1572 1271 1639 ceteris.
1298 1570 1390 1638 Gerte

241 1672 337 1740 ,talia
361 1673 391 1738 si
413 1673 601 1740 Plutarchus
629 1674 809 1760 significare
838 1675 1004 1755 voluisset,
1037 1675 1228 1742 luculentiae
1247 1677 1390 1758 reperire

245 1779 420 1859 potuisset
440 1801 554 1848 causae
573 1801 649 1848 suae
670 1780 921 1862 firmamentum
945 1803 1049 1866 neque
1070 1782 1227 1866 gravabor
1248 1781 1391 1865 profiteri

248 1903 305 1948 me
331 1882 544 1950 Plutarchum
572 1885 696 1950 novius
725 1885 913 1967 scriptorem
941 1905 1006 1950 non
1035 1885 1115 1951 adeo
1135 1885 1279 1968 ineptum
1298 1890 1394 1970 etque

246 1986 460 2068 plumbeum,
483 1989 538 2074 qui
559 1989 644 2073 quod
666 1989 791 2074 signum
810 1989 921 2054 datum
941 1994 1011 2055 erat
1031 1987 1111 2054 disci
1132 1988 1271 2074 quadam
1284 1988 1390 2070 pulsa-

246 2092 347 2158 tione
363 2096 476 2162 -nescio
498 2117 561 2180 qno
582 2100 692 2178 pacto,
720 2115 777 2160 suo
803 2095 872 2160 iure
893 2094 929 2160 id
947 2095 1033 2161 inter
1058 2095 1215 2180 symbola,
1237 2117 1255 2161 e
1279 2095 1394 2178 quibus

246 2199 357 2268 bomo
384 2203 531 2285 suspicax
557 2202 686 2268 trabere
705 2201 805 2285 possit
833 2199 987 2267 indicium
1017 2201 1196 2285 quodlibet,
1228 2200 1391 2268 rettulisse

248 2305 437 2373 censendus
458 2307 507 2372 sit
551 2307 632 2372 Mihi
654 2306 782 2392 qrridem
802 2325 866 2391 quo
884 2307 957 2390 quis
977 2305 1161 2374 adnuntias
1181 2305 1286 2372 locum
1304 2305 1390 2373 Cice·

250 2407 352 2472 renis
373 2406 621 2474 consideraverit
645 2409 865 2493 rationemque
895 2409 968 2474 eius
984 2408 1195 2492 reputaverit,
1230 2428 1267 2473 eo
1288 2408 1393 2474 minus

251 2513 284 2578 ei
307 2512 356 2580 ad
376 2513 540 2580 Plutarchi
567 2513 665 2581 verba
689 2513 877 2596 explicanda
905 2513 1086 2578 tributurus
1105 2511 1238 2577 videtur.
1291 2512 1393 2577 Multo

251 2617 365 2702 magis
384 2616 521 2697 mireris,
545 2616 630 2701 quod
645 2617 811 2696 Ducarius,
831 2616 925 2682 homo
941 2637 1035 2699 saepe
1051 2615 1188 2682 insulsus
1203 2615 1390 2698 adscripsit:

253 2721 290 2785 le
322 2743 386 2786 eon
414 2721 477 2785 der
505 2723 674 2785 barcino:
703 2717 770 2785 c'eal
798 2743 905 2784 1111111
929 2741 1001 2784 notra
1021 2722 1134 2784 dir-ione
1157 2717 1350 2805 1111111111
1367 2721 1394 2784 le

253 2848 310 2890 eon
333 2827 383 2890 dee
404 2831 568 2910 trompeitea
595 2847 632 2890 ou
653 2828 703 2890 dea
723 2827 885 2903 tumboura5
913 2847 963 2889 cor
983 2829 1024 2890 111
1045 2825 1137 2890 Greci
1162 2848 1193 2889 ee
1212 2830 1275 2889 rorat
1300 2830 1393 2889 1111111

254 2934 439 3018 quelquefcis
452 2935 487 2998 de
499 2936 610 2998 11111111
629 2932 755 2998 d’ciroin
774 2936 845 2998 done
866 2936 907 2998 les
923 2939 1053 3017 impes,
1076 2954 1157 3016 quae
1171 2932 1290 3015 partim
1304 2931 1393 2997 nulla

256 3035 382 3118 partim
408 3035 522 3119 exigna
548 3031 611 3100 tide
635 3034 769 3114 tradita,
798 3056 883 3101 nuno
912 3034 1094 3100 adcuratius
1116 3033 1298 3100 examinare
1327 3054 1391 3099 uon

257 3135 360 3202 lubet.
390 3133 473 3214 Quid
493 3135 592 3220 igitur
610 3135 769 3213 faciemus,
793 3140 961 3218 postquam
982 3134 1032 3199 his
1051 3139 1212 3218 uteunque
1234 3135 1389 3216 interpre-

260 3239 439 3306 tationibus
460 3239 542 3304 nihil
563 3259 621 3304 nos
641 3238 759 3303 lucrari
780 3237 938 3302 vidimus?
962 3236 1210 3303 Emendabimus
1231 3237 1390 3318 audacter,

258 3329 323 3408 nec
344 3341 471 3419 dubito,
492 3342 571 3426 quin
592 3341 690 3408 cuivis
708 3362 765 3424 per
787 3361 820 3407 se
843 3342 915 3424 ipsa
933 3341 999 3407 iam
1020 3363 1053 3406 se
1074 3341 1333 3407 commendatum
1347 3343 1390 3407 sit

261 3445 433 3512 verborum
451 3447 585 3512 mutatio
605 3441 722 3510 111111
743 3442 880 3532 τεχνητὰ
902 3447 966 3511 τῶν
988 3442 1164 3530 συμβόλων
1181 3439 1388 3527 ἀθετοῦντες,

264 3543 443 3636 ψήφους
467 3573 511 3616 rc
541 3545 759 3616 καδίσκων
782 3547 838 3615 καὶ
861 3552 959 3636 φῶτα
982 3553 1117 3640 πυρσῶν
1136 3551 1192 3616 καὶ
1214 3549 1391 3638 γνωμόνων

263 3647 530 3736 ἀποσκιασμούς.
573 3654 662 3721 Inter
680 3676 788 3722 omnes
811 3655 878 3723 iere
901 3656 996 3724 hodie
1016 3662 1140 3723 constat
1158 3657 1220 3724 duo
1241 3658 1337 3725 1111111
1356 3659 1390 3723 in

263 3759 434 3826 disasterio
456 3755 634 3837 καδίσκους
656 3781 680 3829 s.
703 3755 841 3838 κάδους,
873 3759 1009 3827 alterum
1031 3752 1145 3850 κύριον
1167 3783 1191 3828 1.
1214 3757 1389 3847 πρότερον,

264 3865 399 3932 eltemm
420 3855 542 3953 <isuper
563 3885 586 3930 a
610 3859 747 3952 ὕστερον
767 3870 997 3948 nuncupatum,
1025 3866 1166 3949 itemque
1187 3866 1305 3948 duplex
1325 3866 1388 3931 oal-

267 3969 409 4035 culorum
428 3987 451 4033 s
476 3965 603 4056 ψήφων
624 3987 734 4052 genua,
758 3968 895 4034 alterum
915 3970 979 4033 τῶν
1000 3969 1167 4049 μελαινῶν
1186 3990 1389 4058 111111111-

265 4074 381 4156 μένων,
402 4072 518 4156 quibus
538 4071 574 4136 in
589 4071 677 4155 prius
690 4072 852 4137 vasculum
872 4072 999 4138 iniectis
1019 4093 1092 4138 reus
1113 4072 1390 4154 condemnabatur,

264 4177 401 4260 alterum
425 4177 491 4240 τῶν
513 4173 636 4239 λευκῶν
658 4195 681 4242 1.
705 4168 911 4263 ῶτρυπήτων,
943 4176 1058 4261 quibus
1078 4177 1301 4245 absolvebatur
1322 4178 1388 4262 (ofi‘.

264 4280 366 4346 Meier
388 4282 421 4343 et
442 4275 640 4345 Schoemann
660 4277 725 4344 Att.
745 4277 875 4342 Process
896 4297 927 4359 p.
943 4283 1005 4346 720
1021 4299 1088 4362 sqq.
1110 4283 1144 4344 et
1162 4278 1313 4347 Petersen
1325 4279 1387 4346 Ob-

266 4380 459 4448 servaticnes
487 4378 521 4445 in
551 4379 818 4464 Agamemnonem
839 4378 985 4464 Aeschyl.
1014 4384 1096 4463 pert.
1118 4380 1152 4445 11
1174 4381 1391 4468 (Miscellanea

265 4485 359 4552 Hein
387 4483 435 4551 ed.
464 4484 611 4552 Muenter
640 4485 725 4552 Tom.
753 4483 786 4550 II
807 4505 838 4568 p.
861 4489 902 4552 60
931 4483 1021 4570 sqq).
1080 4484 1175 4552 Unde
1205 4505 1297 4552 nemo
1325 4505 1390 4550 non

265 4591 364 4670 videt,
402 4612 498 4676 quam
527 4596 600 4675 apte
634 4591 747 4658 calculi
774 4611 796 4658 a
825 4588 985 4658 iudicibus
1022 4591 1057 4656 in
1090 4591 1217 4658 vascula
1252 4589 1390 4669 demissi,
