3534 5392
750 437 966 501 -4s...

301 598 414 664 111111
423 617 556 680 possem
577 596 698 664 Videor
708 598 795 664 enim
810 599 890 664 mihi
901 598 1007 665 videre
1019 595 1224 664 Plutarchum
1234 595 1359 666 dedisse
1369 598 1426 664 καί

296 698 395 790 νίτριμ
412 699 767 788 συνισμηγμένος,
792 699 908 784 quibus
928 697 1056 766 confero
1069 696 1327 782 erumpebat.
1345 703 1424 766 12³7
1482 765 1486 770 .

525 799 621 872 οῖλσίν
643 804 863 890 διασμηχθεὶς
883 797 987 870 ὄναιτ’
1010 797 1050 868 de
1074 797 1191 869 οὑτοσί

293 914 327 973 11
347 909 471 980 Alexim
491 908 578 993 apud
598 908 712 976 Athen.
734 907 798 974 VH
819 914 963 994 13141
1208 979 1211 984 ,

543 1009 601 1097 (τὸ
618 1012 732 1095 σῶμα)
756 1007 887 1097 σμήσας
907 1033 943 1076 τε
958 1007 1095 1084 λεπτοῖς
1117 1001 1195 1073 ἁλσί
1384 1087 1387 1092 Ι

294 1114 329 1174 11
344 1130 427 1198 quse
449 1131 490 1174 ex
509 1109 700 1192 Geoponicis
721 1108 801 1188 Vll,
823 1115 851 1188 6,
876 1117 912 1176 11
936 1108 1113 1176 effemnun
1137 1106 1272 1196 σμήχειν
1297 1107 1424 1190 πίθους

292 1209 392 1300 ἅλμῃ.
439 1213 488 1282 De
507 1214 577 1297 ipso
598 1215 762 1297 conposito
784 1210 971 1302 συσμήχειν,
993 1216 1053 1282 1111
1074 1215 1161 1282 nullo
1183 1213 1327 1298 exemplo
1349 1234 1421 1280 con·

291 1320 413 1388 firmari
434 1329 541 1406 potest
561 1322 780 1412 (διασμὴχειν
799 1325 964 1407 usurpavit
986 1325 1083 1390 etism
1104 1323 1293 1392 Pluterchus
1316 1322 1420 1408 Symp.

290 1427 352 1507 Vl,
375 1437 411 1508 7,
433 1436 453 1498 2
475 1452 506 1514 p.
529 1430 619 1500 eosd
644 1431 725 1499 conl.
747 1431 875 1498 Lobeek
905 1431 947 1497 nd
965 1431 1079 1516 Phryn.
1108 1452 1138 1514 p.
1162 1435 1224 1498 253
1247 1439 1306 1515 sq.)
1328 1451 1421 1496 nemo

291 1535 405 1617 opinor
425 1535 596 1604 tricubitur
623 1543 696 1620 post
715 1559 754 1603 11
774 1559 857 1621 quse
879 1535 920 1604 de
947 1536 1076 1622 ingente
1104 1542 1231 1604 caterva
1251 1537 1420 1604 verborum

291 1659 363 1704 cum
384 1637 453 1719 σύν,
480 1638 566 1728 πρός
591 1646 627 1708 11
642 1637 710 1728 ττρό
729 1642 965 1724 conpositerum
989 1642 1155 1708 scitissime
1176 1640 1300 1706 monuit
1324 1639 1423 1706 Cobet

291 1743 441 1810 Mnemon
466 1748 547 1812 1860
568 1765 600 1826 p.
622 1750 664 1812 69
686 1749 720 1811 11
737 1765 797 1830 ego
822 1745 949 1824 Quaest.
974 1744 1055 1813 Plut.
1078 1743 1128 1809 III
1147 1763 1176 1825 p.
1202 1748 1259 1824 203
1284 1765 1322 1809 ec
1343 1742 1421 1808 setis

291 1847 325 1914 id
347 1854 478 1914 tuentur
498 1848 661 1915 simillime
681 1849 826 1932 exempla
847 1849 946 1915 veluti
967 1845 1176 1932 cupedenses
1194 1847 1265 1913 1111

376 1950 439 2018 Sed
460 1951 588 2021 Stobeei
609 1955 866 2020 commemoratio
887 1953 929 2020 ad
947 1951 1127 2020 Aristotelis
1154 1952 1258 2018 locum
1279 1973 1329 2018 me
1352 1956 1416 2018 tre·

291 2054 395 2134 ducit,
422 2055 457 2120 in
484 2077 548 2140 quo
585 2057 783 2123 emendando
812 2058 1005 2140 interpretes
1036 2078 1166 2140 operam
1197 2056 1316 2122 fmstra
1344 2078 1416 2122 oen-

290 2164 500 2240 sumpserunt.
529 2159 673 2226 Servavit
694 2183 767 2228 enm
781 2160 934 2229 Stobeeus
955 2163 989 2226 in
1004 2162 1060 2228 eol.
1074 2162 1162 2246 phys.
1185 2181 1215 2244 p.
1236 2169 1309 2241 154,
1331 2162 1417 2230 15Μ.

291 2261 342 2332 lbi
362 2263 546 2342 1111111111
566 2265 703 2330 eliorum
724 2265 986 2348 philosophorum
1014 2266 1053 2333 de
1075 2265 1156 2332 fecie
1184 2265 1277 2358 lunae
1307 2267 1414 2349 opine·

288 2366 391 2433 tiones
414 2367 494 2434 11111
516 2369 720 2452 praedicetur
736 2368 923 2456 Stagirites:
939 2365 1244 2457 Ἀριστοτέλης
1265 2367 1310 2457 μὴ
1333 2361 1418 2436 εῖναι

290 2462 391 2558 αὐτῆς
411 2465 580 2559 οῖκήρατον
604 2470 643 2538 τὸ
666 2471 830 2563 σύγκριμα
859 2475 914 2540 ded
939 2473 980 2540 τὰ
1004 2474 1166 2562 πρόσγεια
1191 2467 1417 2562 οῖεροίματα

289 2580 351 2642 τοῦ
368 2573 518 2666 αἰθέρος,
537 2567 574 2643 ὃν
589 2575 832 2666 προσαγορεύει
846 2580 942 2662 σῶμα
956 2579 1123 2662 πέμπτον.
1149 2571 1345 2666 Ἀερώματα
1357 2599 1419 2644 vox

287 2681 383 2746 nihili
399 2687 461 2760 est,
477 2682 566 2746 cuius
586 2681 656 2747 loco
677 2682 848 2776 Heerenus,
868 2681 1070 2768 quantumvis
1089 2701 1154 2746 non
1175 2681 1420 2763 inprobabiliter

286 2778 328 2845 ed
348 2781 551 2858 sententiam,
571 2780 691 2848 frustra
711 2781 801 2848 dedit
823 2776 1078 2870 περιττώματα,
1098 2803 1194 2866 quem
1216 2781 1421 2864 suspitionem

227 2945 231 2948 ,
285 2884 453 2952 Geisfordo
482 2887 650 2968 probatam
678 2886 855 2953 Meinekius
885 2887 955 2954 iure
985 2885 1064 2952 dicit
1094 2907 1203 2952 omnes
1231 2885 1415 2972 palaeogra-

289 2989 401 3071 phicee
415 2990 494 3055 artis
505 2989 585 3055 fines
598 2991 760 3059 excedere.
786 2991 899 3075 Iteque
913 2991 982 3073 ipse
998 2985 1200 3079 ἅπεροίματα
1216 2989 1257 3058 ab
1275 2984 1415 3080 οῖπεροίιυ

211 3167 220 3174 „
286 3097 307 3164 i.
329 3118 356 3163 1.
379 3102 558 3161 recensente
576 3097 815 3162 rescribendum
835 3097 935 3164 duxit.
976 3094 1037 3161 Sed
1054 3095 1201 3162 lubenter
1224 3095 1326 3160 virum
1349 3095 1411 3162 111·

286 3194 445 3260 rissimum
459 3195 622 3259 inventum
636 3216 729 3260 suum
744 3201 1009 3277 compensaturum
1021 3195 1165 3260 existimo
1181 3216 1251 3260 meo
1274 3217 1323 3260 σα
1332 3194 1386 3284 ρώ
1398 3239 1414 3248 -

285 3320 414 3380 ματα,
440 3297 529 3362 cuius
548 3298 694 3364 vocabuli
714 3297 901 3364 memoriam
922 3297 1088 3380 perspicue
1099 3297 1235 3364 servavit
1255 3319 1412 3380 gramma·

179 3405 188 3414 ’
285 3401 367 3466 tiens
388 3401 526 3468 Bekkeri
548 3401 664 3467 Anecd.
686 3424 733 3486 gr.
747 3422 777 3483 p.
791 3406 899 3478 434,1
925 3393 1107 3489 οῖπουργοί·
1130 3397 1249 3486 γωνίαι
1271 3392 1416 3478 εὐτελεῖς

287 3497 335 3579 είς
354 3491 394 3580 ἃς
420 3499 462 3566 τὰ
485 3500 715 3584 σαρώματα
746 3504 900 3588 συνῆγον,
929 3521 1026 3586 quem
1054 3501 1191 3586 glossam
1217 3500 1416 3584 repetierunt

285 3613 319 3674 11
339 3606 453 3673 Suides
474 3629 497 3676 1.
523 3631 550 3672 v.
575 3601 745 3696 οῖπουργοί
772 3613 805 3673 11
826 3607 1019 3693 Hesychius:
1053 3601 1261 3696 ιῖπουργούς·
1296 3601 1418 3694 γωνίας

285 3707 429 3790 εὐτελεῖς
449 3711 506 3779 καί
522 3708 611 3780 ὅπου
625 3710 667 3776 τὰ
688 3707 831 3798 σαρώμ
842 3736 920 3777 ατα
943 3709 1129 3798 συνάγουσι,
1153 3711 1209 3778 ubi
1224 3709 1323 3778 codex
1339 3712 1416 3778 item

285 3823 434 3902 corrupte
465 3814 608 3904 ἅρματα.
662 3817 741 3882 Inde
772 3818 806 3882 in
835 3817 938 3882 lexica
974 3822 1082 3883 nostre
1109 3816 1303 3882 transfusum
1330 3818 1418 3882 nullo

286 3924 391 3989 adhuc
425 3925 540 3990 veteris
570 3923 734 4006 scriptoris
766 3923 910 4004 exemplo
938 3921 1059 3987 firmari
1088 3925 1222 4003 poterat.
1265 3919 1411 3988 Ceterum

285 4029 450 4112 depravati
465 4027 610 4094 vocabuli
630 4027 884 4111 emendationem
905 4048 956 4090 me
971 4025 1181 4109 surrepere
1197 4022 1414 4109 quaesiturum

284 4129 389 4209 fuisse
408 4131 470 4195 nisi
484 4135 662 4213 opportune
680 4129 887 4194 memineram
904 4127 967 4192 loci
980 4126 1144 4194 Pluturohi
1159 4127 1237 4192 Mor.
1249 4148 1280 4210 p.
1294 4131 1374 4196 1089
1384 4129 1414 4207 b,

286 4232 341 4316 qui
351 4232 557 4299 librariorum
574 4235 703 4313 stupore
713 4227 804 4294 foede
815 4249 944 4310 pessum
961 4227 1054 4294 (11111
1068 4227 1116 4294 ite
1128 4226 1248 4294 editius
1269 4223 1413 4315 diense
1470 4269 1475 4274 -

285 4333 492 4419 σωμάτιον
524 4330 642 4422 οίκίρι
663 4335 710 4421 τῇ
732 4334 847 4422 ψυχῇ
867 4334 942 4398 τοῦ
972 4333 1111 4419 σοφοῦ
1139 4329 1181 4397 τὰ
1208 4333 1267 4420 τῆς
1296 4327 1415 4420 ἡδονῆς

286 4437 495 4523 ἐκκλύσματα
526 4437 636 4518 μένειν
670 4435 786 4514 ἐαῖντες
817 4431 863 4522 μὴ
895 4433 1057 4522 λέγωμεν,
1093 4434 1148 4503 ubi
1172 4435 1249 4501 olim
1271 4437 1413 4518 (Qusest

290 4543 373 4614 Plut
402 4545 419 4610 1
450 4567 481 4629 p.
507 4544 569 4631 52)
602 4542 853 4610 commodissime
885 4541 1108 4628 verissimeque
1138 4547 1176 4608 ut
1206 4562 1289 4608 nuno
1321 4538 1416 4622 eredo
