3534 5392
837 469 1051 542 ...as-

381 631 554 705 dobouensi
572 631 758 708 recentiore,
779 635 905 696 tacente
920 629 1165 714 Wytteubachio
1187 629 1268 698 mihi
1289 631 1508 711 inconpertum

381 741 438 803 est.
481 735 601 814 Quodsi
622 736 673 800 cui
694 741 764 802 tota
783 736 844 800 hac
863 736 1109 802 ratiocinatione
1136 741 1245 802 nostra
1272 734 1413 802 nondum
1434 733 1509 800 satis

380 841 500 913 factum
519 841 568 918 sit,
590 861 674 904 nunc
688 861 788 906 unum
801 840 976 906 alterumve
998 840 1102 906 locum
1118 842 1262 922 accipiat,
1282 841 1338 906 ubi
1353 839 1508 912 editorum

384 941 570 1006 lacunarum
599 941 820 1023 conplementa
849 942 896 1006 ita
925 947 1099 1024 conparata
1124 949 1212 1022 suut,
1241 949 1277 1010 ut
1299 943 1512 1011 controversia

381 1045 482 1108 omnis
519 1048 627 1108 nostro
665 1043 806 1127 quidem.
832 1044 951 1111 iudicio
996 1067 1124 1128 prorsus
1163 1047 1341 1117 dirimatur.
1396 1048 1447 1118 Ita
1477 1049 1511 1116 iu

381 1145 487 1229 Symp.
500 1146 524 1224 I,
543 1153 572 1224 4,
595 1152 614 1213 3
634 1167 664 1229 p.
687 1153 780 1215 otta
801 1146 860 1214 καί
879 1154 955 1218 anta
979 1148 1232 1238 προστάγμασιν
1254 1154 1288 1218 in
1308 1152 1403 1220 vind.
1425 1152 1513 1219 deest

383 1273 454 1318 cum
471 1252 584 1330 trium,
605 1253 640 1316 in
661 1252 757 1319 Paris.
783 1257 865 1322 1680
889 1277 961 1320 cum
982 1260 1052 1320 octo
1074 1254 1255 1322 litterarum
1274 1257 1394 1339 spatio,
1406 1257 1503 1326 item·

382 1381 444 1443 qne
465 1359 519 1427 lib.
541 1360 573 1438 Ι,
594 1365 629 1438 6,
652 1365 671 1426 2
694 1365 839 1443 116241
869 1362 904 1426 in
926 1362 1031 1428 verbis
1062 1360 1147 1448 πλὴν
1175 1358 1254 1431 ὅσον
1283 1358 1371 1444 ἴχνος
1402 1385 1433 1425 τι
1454 1365 1513 1428 τοῦ

383 1456 490 1547 πυρὸς
512 1455 608 1545 irtam
621 1456 768 1545 μετώπῳ
789 1459 1002 1546 κρατουμένῳ
1023 1453 1166 1547 ὑπὸτῆς
1187 1483 1272 1546 κομη
1354 1485 1401 1530 ειν
1425 1455 1513 1547 αὐτῷ

389 1563 489 1631 παιδί
506 1563 577 1641 nbi,
599 1563 714 1648 quibus
736 1563 839 1628 oratio
860 1564 975 1628 mutila
996 1564 1203 1646 conpleretur,
1222 1565 1276 1628 vix
1297 1565 1402 1646 potuit
1423 1585 1511 1633 euca-

383 1667 479 1750 gitan'
500 1667 605 1748 aptius
625 1688 721 1752 quam
750 1661 818 1732 ὑπὸ
840 1670 897 1754 τῆς
917 1663 1020 1753 κόμης
1040 1667 1201 1750 μένειν,
1234 1669 1301 1734 cod.
1324 1669 1419 1737 Vind.
1442 1691 1510 1754 spa·

384 1771 464 1838 tium
484 1771 583 1838 habet
595 1771 693 1836 trium
712 1777 907 1856 quattuorve,
926 1772 1023 1838 Paris.
1045 1771 1182 1838 sedecim
1202 1773 1383 1840 litterarum
1404 1793 1512 1856 capax,

385 1872 470 1958 quod
490 1893 583 1938 nemo
604 1894 668 1938 non
689 1871 776 1939 videt
792 1873 926 1938 nimium
948 1893 1015 1940 esse
1040 1872 1081 1938 111
1096 1874 1249 1940 sermonis
1271 1874 1513 1948 continuitatem

385 1981 417 2042 et
433 1975 476 2042 ad
490 1998 562 2042 eum
575 1998 670 2060 quem
691 1976 882 2060 requirimus
903 1999 1019 2042 nexum
1034 1975 1341 2062 redintegrandum*
1344 1997 1362 2062 ).
1393 1977 1512 2052 Verum

384 2077 424 2143 de
444 2078 495 2142 his
515 2077 601 2144 satis.
650 2077 731 2142 Nolo
752 2077 838 2142 enim
858 2077 1022 2142 immorari
1043 2077 1139 2142 rebus
1158 2100 1293 2162 quarum
1315 2078 1509 2144 demonstra·

385 2181 506 2247 tionem
528 2182 634 2266 sagaci
649 2180 805 2251 Hercheri
827 2181 954 2264 ingenio
975 2181 1132 2264 integram
1151 2182 1307 2248 reservari
1335 2181 1434 2254 tutius
1457 2185 1510 2246 111

471 2285 580 2350 Redeo
600 2305 685 2351 nunc
708 2284 749 2351 ad
770 2284 874 2350 locum
895 2283 1182 2368 Symposiacorum,
1213 2286 1247 2356 in
1274 2307 1337 2369 quo
1365 2306 1446 2370 quae
1471 2283 1512 2358 ad

384 2385 674 2458 reconcinnandum
688 2386 832 2450 luxatum
850 2406 1027 2460 sermonem
1045 2391 1223 2453 commenta
1240 2391 1288 2450 cst
1303 2387 1513 2468 interpretum

384 2494 549 2574 industria,
572 2515 687 2578 parum
713 2493 879 2560 fatendum
903 2493 1094 2568 esthabere
1117 2493 1406 2559 commendationis.
1450 2491 1511 2558 Vc-

386 2603 618 2676 rumcnimvero
647 2599 821 2668 cavendum
850 2604 921 2666 erat
941 2600 982 2665 ab
1005 2599 1068 2669 ista
1096 2599 1248 2681 opinandi
1269 2599 1412 2677 levitate,
1434 2621 1514 2684 quac

384 2714 538 2792 quantum
566 2705 720 2775 adtulerit
749 2705 900 2770 damnum
922 2703 1084 2776 Plutarchi
1115 2702 1242 2785 scriptis
1274 2701 1420 2786 pluribus
1441 2724 1510 2785 per-

384 2815 475 2896 sequi
497 2814 627 2897 longum
647 2817 703 2878 111.
738 2811 897 2877 Nimirum
921 2805 1032 2888 111111,
1056 2810 1090 2874 in
1116 2808 1200 2894 quod
1222 2809 1369 2886 Reiskius
1394 2809 1514 2893 incidit,

386 2922 420 2986 et
437 2937 535 3002 prave
556 2915 754 2983 conlocatum
774 2919 824 2978 est
844 2920 878 2978 et
899 2914 1024 2998 longius
1047 2935 1066 2980 a
1088 2913 1231 2982 codicum
1251 2915 1405 2992 memoria
1424 2935 1508 2992 1611-

385 3020 443 3095 dit.
486 3018 558 3084 Non
585 3019 685 3102 1111111
712 3016 839 3085 admitti
866 3021 972 3100 potest
1004 3017 1230 3102 Wyttcnbachi
1256 3021 1390 3092 mutatio
1419 3014 1512 3102 οὐχὶ

385 3126 493 3223 πεζῇ
518 3118 610 3192 dit'
644 3117 706 3213 ἐφ’
726 3121 892 3202 ἵππων,
922 3124 1007 3208 quod
1029 3125 1134 3208 siper
1164 3125 1288 3194 hiatum
1316 3128 1412 3202 scribi
1438 3127 1509 3204 lica·

384 3232 617 3312 16111111111111
635 3237 743 3300 tamen
764 3231 883 3298 faceret
902 3232 1087 3309 Plutarcho,
1119 3232 1241 3304 homini
1269 3255 1333 3308 unp
1360 3233 1439 3313 adeo
1459 3233 1506 3308 in,-

388 3335 483 3410 suisa.
513 3335 606 3403 Absit
627 3334 667 3411 ab
690 3333 745 3401 illo
767 3333 904 3424 dedecus
926 3335 1059 3418 hoc!**)
1099 3333 1172 3403 Alia
1192 3357 1257 3400 noa
1278 3337 1378 3414 multo
1400 3337 1512 3420 proba-

387 3440 482 3505 bilior
501 3437 681 3505 emendatio
702 3438 832 3502 inventa
859 3443 909 3502 est
929 3462 949 3503 a
970 3439 1105 3504 Fachsio
1127 3440 1162 3503 in
1183 3439 1346 3508 Animadv.
1369 3442 1410 3508 ad
1432 3442 1512 3508 Plut.
1537 3493 1545 3508 .

386 3544 442 3626 Op.
465 3566 495 3626 p.
519 3550 569 3621 54,
590 3543 674 3608 libro
695 3542 945 3622 absurdissimis,
973 3550 1009 3610 ut
1029 3544 1134 3618 dicam
1147 3547 1244 3630 quod
1264 3570 1316 3622 res
1337 3554 1400 3628 cst,
1420 3551 1510 3635 nugis

386 3643 513 3710 referto.
557 3641 589 3706 Is
609 3661 668 3724 pro
692 3665 762 3722 ουχι
785 3642 846 3726 sibi
874 3645 1032 3724 persuasit
1060 3645 1136 3727 poni
1163 3667 1254 3729 posse
1278 3645 1398 3729 ταχύ,
1429 3648 1511 3734 quod

383 3749 589 3815 Plutarchum
609 3769 673 3814 non
690 3748 853 3831 scripsisse
874 3769 978 3833 neque
999 3751 1136 3818 scribere
1158 3754 1313 3835 potuisse,
1340 3776 1507 3823 1111111111-

387 3877 595 3885 -—---—-—-——

453 3924 731 3990 uuvidenriesimum
759 3947 820 3982 1111
843 3938 965 3998 putamus
982 3949 1028 4001 pro
1048 3940 1227 4007 κρατουμένῳ
1250 3937 1337 3990 hiatus
1364 3946 1511 3993 1111111111-

386 4015 438 4064 tisc
456 4016 539 4078 gratia
563 4017 744 4080 reponendum
762 4033 823 4069 csse
841 4014 1045 4090 κρατούμενον,
1070 4023 1170 4076 incuria
1192 4023 1355 4078 librariorum
1376 4044 1511 4094 perperam

385 4110 447 4147 cum
464 4092 585 4164 μετώπῳ
602 4099 728 4151 iunctum.
764 4099 864 4152 Eadem
890 4117 999 4168 prorsus
1021 4105 1204 4171 depravatione
1225 4108 1251 4158 iu
1268 4107 1364 4161 Erotio.
1391 4127 1417 4176 p.
1435 4111 1513 4162 7650

380 4183 515 4249 volgatur:
547 4182 697 4247 ἀνάκλασις
719 4185 754 4255 δή
779 4209 835 4242 που
859 4188 889 4242 τὸ
914 4193 979 4260 περὶ
1004 4189 1053 4259 τὴν
1081 4187 1138 4266 ἶρίν
1161 4193 1218 4247 ἐστι
1235 4197 1282 4260 τῆς
1299 4190 1391 4265 ὄψεως
1408 4193 1510 4265 πάθος,

385 4267 453 4322 ὅταν
470 4299 504 4308 -
525 4299 553 4310 -
575 4270 664 4335 δόξαν
681 4271 750 4346 ἧμῖν
768 4273 949 4346 ἐνεργάσηται
966 4282 1016 4332 τοῦ
1038 4278 1237 4353 φαντάσματος
1259 4281 1302 4344 ὠς
1326 4287 1362 4339 ἔν
1384 4290 1428 4355 τῷ
1451 4290 1511 4341 νέ-

381 4381 442 4430 φει
468 4358 582 4430 ὄντος,
611 4367 658 4419 ubi
678 4369 777 4434 aptiore
797 4369 879 4421 multo
904 4371 1032 4424 sententia
1055 4372 1081 4422 in
1104 4380 1227 4442 promptu
1251 4382 1291 4428 est
1315 4378 1354 4429 sic
1384 4379 1416 4432 ab
1439 4377 1511 4436 hiatu

382 4447 940 4524 1111111ὠςέντόςνέφονςὸντος.
1174 4460 1178 4467 ’
1361 4448 1364 4452 ’

450 4535 488 4599 ·”)
507 4534 562 4588 Suo
581 4538 639 4590 iure
655 4539 682 4590 id
696 4541 830 4594 coniunxit
847 4547 975 4595 retroacto
995 4547 1023 4594 ut
1032 4555 1079 4608 par
1099 4549 1152 4596 crat
1171 4546 1264 4598 ordine
1282 4545 1357 4600 Aona
1374 4547 1509 4603 comnena

379 4638 404 4688 p.
423 4620 537 4691 mulo
556 4622 606 4678 οὐκ
623 4624 758 4697 ἔφιππον,
777 4625 846 4681 ἀλλά
865 4631 933 4702 πεζῇ
949 4629 996 4681 καὶ
1013 4623 1104 4696 βάδην
1120 4624 1281 4704 ἐρχόμενον.
