3534 5392
869 487 1081 552 -28..

413 647 527 734 quibus
540 647 670 717 honoris
684 671 782 720 causa
794 653 925 720 nomino
939 653 1139 721 Fridericom
1153 653 1348 734 Krunerm
1366 654 1431 720 heu
1443 673 1548 737 quon·
1649 705 1650 708 ,

412 753 486 822 um
508 762 666 823 nasum
688 779 783 844 quem
802 759 897 824 umis
921 757 1020 849 aaa
1039 757 1179 848 saraa
1198 767 1232 826 a
1250 760 1343 826 nous
1365 763 1399 824 a
1428 744 1552 822 uaeas

414 861 629 930 crudelissime
642 869 786 948 ereptum
798 865 945 951 lugemus
960 888 1083 945 omnes,
1095 873 1130 934 et
1141 865 1452 933 CarolumSintenim
1463 862 1550 941 uel,
1649 855 1650 868 ¹

414 985 548 1050 quorum
562 965 652 1046 alter,
674 967 889 1035 consentiente
904 969 939 1034 ni
950 969 1045 1034 fallor
1053 967 1234 1036 Godolredo
1248 968 1446 1044 Hermanno,
1465 967 1545 1030 seri-

412 1069 551 1137 bendum
569 1071 734 1155 proposuit
752 1065 848 1138 καθ’
863 1069 985 1162 ῶραα,
1009 1073 1093 1157 quod
1110 1095 1169 1159 ego
1184 1073 1260 1138 olim
1276 1073 1312 1137 in
1327 1071 1467 1138 editione
1485 1070 1545 1134 Di-

414 1167 545 1238 dotiana
557 1172 720 1255 amplexus
734 1194 823 1239 eram
839 1171 1031 1254 dubitanter,
1050 1175 1134 1242 alter
1145 1175 1327 1257 nuperrime
1342 1170 1543 1240 commenda-

414 1277 471 1346 bat
481 1271 560 1344 καθ’
569 1273 699 1368 Ἱμέραν
709 1285 843 1365 propter
851 1279 1079 1366 ThucdeIIl,
1097 1289 1124 1360 l,
1139 1281 1223 1366 quod
1237 1281 1318 1346 mihi
1328 1300 1453 1364 quoque
1466 1277 1546 1344 olim

414 1381 448 1446 in
471 1387 609 1449 montem
630 1383 753 1450 vonime
774 1383 913 1448 memini.
956 1383 1093 1450 Videtur
1114 1391 1222 1449 mmen
1238 1405 1341 1466 neque
1355 1375 1435 1446 καθ’
1450 1377 1544 1466 ῶραν

414 1487 491 1553 satis
512 1487 701 1554 conveniens
722 1509 803 1566 esse,
832 1489 983 1572 quoniam
1004 1489 1089 1572 quod
1108 1510 1172 1554 non
1193 1509 1250 1553 suo
1271 1493 1413 1569 tempore
1434 1489 1538 1550 ensto-

414 1591 541 1663 diyisset
550 1593 680 1678 Gylippi
702 1593 873 1659 adventum
898 1597 935 1659 ut
957 1595 1083 1679 gravius
1107 1595 1288 1671 efferretur,
1318 1592 1406 1657 nulla
1427 1590 1546 1656 idonea

414 1701 485 1762 erat
505 1717 613 1773 causa,
640 1717 712 1760 cum
733 1695 810 1761 satis
832 1700 917 1762 essct
944 1701 1056 1762 notare
1088 1696 1192 1761 nullos
1217 1695 1347 1761 omnino
1368 1691 1541 1774 dispositos

414 1801 509 1868 bisse
529 1801 652 1886 vigiles,
675 1823 810 1886 quorum
831 1822 907 1884 ope,
929 1800 1007 1885 quid
1029 1807 1217 1868 eventurum
1238 1805 1335 1876 esset,
1357 1799 1447 1884 signo
1468 1797 1546 1862 dato

415 1904 637 1973 admoneretur
652 1904 768 1971 Nicias.
813 1903 923 1989 Neque
946 1926 1004 1990 ego
1023 1904 1118 1970 hodic
1134 1902 1304 1970 admodum
1317 1901 1449 1966 laudare
1469 1919 1542 1981 pos-

415 2034 484 2079 sum
503 2005 584 2078 καθ’
602 2004 745 2100 Ἱμέραν,
779 2009 865 2096 quod
885 2011 939 2075 vix
960 2015 1038 2094 puto
1060 2009 1101 2075 ab
1124 2009 1193 2092 ipso
1215 2006 1339 2073 Sinteni
1360 2005 1545 2071 etiamnunc
1649 2071 1650 2094 ρ

415 2114 551 2183 defendi.
594 2114 668 2180 lure
698 2114 783 2180 enim
811 2114 1005 2198 quaerimus,
1033 2113 1118 2179 unde
1148 2111 1331 2197 cognoverit
1356 2109 1465 2175 Nicias
1491 2107 1544 2174 vel
1649 2097 1650 2148 l

415 2239 507 2284 nosse
527 2217 668 2300 potuerit
692 2215 822 2300 Gylippi
850 2237 946 2282 naves
973 2215 1015 2280 ad
1042 2215 1207 2280 Himeram
1234 2211 1402 2295 appulsum
1422 2211 1475 2286 iri,
1506 2214 1545 2273 ut

414 2321 482 2388 illic
503 2319 701 2404 potissimum
722 2318 840 2385 milites
868 2319 909 2384 ad
939 2339 1049 2384 curam
1070 2317 1231 2384 custodiae
1259 2313 1426 2382 intendere
1447 2333 1538 2395 opor-

414 2425 511 2500 teret3
533 2419 629 2484 immo
644 2417 869 2485 adventantem
884 2419 1014 2504 Gylippi
1030 2419 1162 2486 classem
1177 2419 1204 2484 si
1221 2416 1378 2484 custodire
1394 2414 1544 2482 volebant

415 2522 670 2609 diligentissime,
688 2543 728 2588 ue
740 2523 880 2605 inparati
895 2524 1159 2607 opprimerentur,
1174 2527 1243 2588 tota
1259 2544 1315 2588 ora
1328 2542 1386 2605 par
1399 2519 1544 2604 speculas

414 2627 603 2714 disponendi
624 2632 716 2695 eraut
737 2627 894 2707 custodes,
917 2651 934 2693 e
957 2627 1073 2712 quibus
1093 2631 1278 2710 prospectus
1293 2630 1376 2692 esset
1391 2626 1425 2690 in
1441 2624 1552 2690 altum·

415 2751 517 2808 mare,
538 2733 575 2794 ut
596 2727 714 2794 factum
728 2728 905 2810 reperimus
926 2749 952 2794 e.
966 2751 993 2813 g.
1013 2727 1046 2793 in
1067 2726 1153 2793 bello
1170 2725 1286 2812 punico
1305 2724 1450 2804 secundo,
1471 2746 1542 2790 oum

415 2832 693 2917 Carthaginienses
704 2831 890 2916 Lilybaeum
905 2837 1011 2900 essent
1025 2832 1208 2915 occupaturi
1218 2831 1286 2918 (cfr.
1296 2833 1361 2898 Liv.
1370 2831 1464 2910 XXI,
1478 2829 1540 2916 49).

413 2935 497 3002 Illud
512 2940 618 3001 autem
634 2955 698 3000 non
713 2934 884 3001 verendum
899 2935 1032 3015 videtur,
1054 2959 1094 3002 ne
1110 2935 1236 3003 mirifici
1251 2937 1402 3022 loquendi
1418 2936 1543 3023 generis

415 3036 566 3132 φυλακὴν
588 3036 745 3127 audoenio
770 3042 951 3106 ποιεῖσθαι
980 3040 1030 3108 vel
1052 3043 1213 3130 καθαρῶς
1236 3043 1417 3107 ποιεῖσθαι
1442 3039 1543 3107 socius

414 3145 584 3213 advocetur
605 3144 673 3228 ipse
696 3143 884 3211 Plutarchus
905 3146 939 3210 in
960 3145 1069 3213 limol.
1096 3152 1149 3224 16,
1177 3145 1232 3212 ubi
1254 3145 1366 3212 scribit
1390 3141 1536 3232 πατρίδα

415 3249 577 3336 καθαρῶς
587 3243 643 3313 καὶ
653 3244 1036 3333 novempopulanae,
1045 3247 1380 3326 velDemosth.l3,ubi
1393 3251 1541 3312 narratur

413 3351 571 3439 quispiam
587 3353 749 3439 καθαρῶς
763 3348 887 3417 ἕκαστα
903 3349 1071 3440 πράττειν,
1096 3353 1145 3420 vel
1168 3376 1207 3420 ex
1230 3353 1361 3419 noviciis
1374 3353 1469 3418 Anna
1485 3351 1539 3418 Co·

413 3473 530 3520 mnena
541 3450 628 3518 Alex.
640 3449 663 3529 1,
679 3455 738 3533 dp.
751 3455 799 3529 30,
820 3455 856 3518 18
869 3455 1033 3543 καθαρῶς
1055 3453 1254 3543 τρέψασθαι
1272 3454 1331 3522 τὸν
1345 3449 1540 3533 ἀντίπαλον,

415 3555 583 3642 inquibus
604 3555 755 3640 exemplis
778 3579 816 3623 ex
830 3558 975 3640 proximo
996 3560 1234 3627 occurrentibus
1255 3581 1348 3627 nemo
1371 3581 1436 3626 nou
1453 3559 1543 3626 uidet

413 3657 581 3749 καθαρός.
617 3666 654 3726 ut
673 3661 708 3726 in
728 3663 901 3728 nobssimis
923 3665 1062 3755 aedepol
1084 3661 1203 3754 ἡδονή,
1232 3666 1317 3752 quod
1338 3667 1543 3749 interpretari

412 3761 489 3828 licet
504 3763 647 3846 lr'qut'dcm
667 3765 839 3849 alapam
856 3765 904 3832 vel
925 3766 1062 3850 aedepol
1081 3762 1175 3835 εὐδία
1197 3773 1323 3835 nitidum
1347 3775 1440 3835 marris
1460 3775 1542 3834 ἰασα-

412 3865 587 3950 quoiates
608 3865 767 3951 (Meineke
780 3866 832 3934 ad
853 3867 994 3953 Alciphr.
1017 3891 1046 3953 p.
1077 3875 1164 3959 172),
1196 3874 1289 3959 longe
1311 3874 1397 3939 aliud
1420 3871 1539 3960 signifi-

413 3987 498 4033 cum.
518 3987 614 4052 quom
629 3969 712 4053 quod
731 3971 895 4039 commodo
916 3979 1023 4040 nostro
1044 3975 1113 4041 loco
1131 3975 1195 4041 dici
1212 3978 1355 4059 potuerit
1371 3977 1439 4059 (cfr.
1451 3977 1541 4062 Wyt

411 4069 497 4137 anb.
519 4069 561 4135 ad
579 4070 660 4137 Plut
679 4071 755 4139 Mor.
770 4095 799 4158 p.
819 4082 854 4141 41
870 4075 912 4161 i).
946 4077 1023 4144 Gnrn
1045 4079 1130 4145 enim
1146 4079 1248 4145 nullas
1264 4079 1359 4163 plane
1375 4101 1434 4162 per
1452 4101 1542 4146 oram
1649 4063 1650 4068 ἵ

413 4173 581 4258 dispositas
607 4176 703 4244 fuae
724 4181 883 4248 custodes
904 4183 972 4249 iure
993 4183 1084 4250 uobis
1106 4182 1292 4250 concludere
1314 4183 1480 4249 ridemur
1501 4203 1544 4248 cx
1649 4169 1650 4202 l

412 4281 565 4364 proximis
586 4284 633 4368 τῶ
655 4286 868 4364 παντελῶς
898 4281 1135 4375 ὑπερορᾶσθαι
1158 4283 1215 4351 καὶ
1235 4291 1541 4374 καταφρονεῖσθαι,

413 4382 498 4466 qnod
525 4385 630 4452 sitinus
656 4387 779 4454 sincere
806 4389 856 4456 ool
881 4391 990 4472 paullo
1018 4387 1177 4454 incautius
1206 4389 1252 4455 eis
1281 4411 1355 4456 usus
1381 4390 1542 4458 diceretur

412 4485 531 4556 Nicias.
551 4497 755 4574 praepostere
770 4493 865 4575 plane
879 4481 1038 4560 adiectum
1057 4497 1146 4558 esset
1189 4493 1309 4571 Quodsi
1326 4499 1435 4562 tamen
1454 4499 1541 4562 recte

411 4588 645 4676 significaturus
660 4599 731 4660 erat
743 4601 861 4673 onear,
880 4594 914 4659 id
930 4593 1014 4678 quod
1030 4594 1209 4676 praefracte
1224 4598 1420 4682 negaverim,
1438 4601 1542 4663 custo·
