3534 5392
740 460 952 542 -,,-

286 617 505 712 &archetypo
515 621 594 698 hsce
607 622 790 709 incorrupte
804 625 936 692 exarata
947 627 1051 690 essent
1063 621 1282 684 ΑΥΊῸΙἸἈ
1290 622 1373 684 ΥΊὈ
1382 625 1413 700 t',

287 729 439 818 tanquam
467 726 501 789 in
528 726 635 794 oculos
661 728 798 802 incurrit
826 749 902 793 vera
929 733 962 792 et
988 727 1114 810 elegans
1141 723 1298 807 scriptura
1331 715 1414 790 ἐνα-

286 827 499 913 πίμπλανται
529 831 591 920 γάρ
610 828 733 898 αὐτοὶ
762 827 918 898 ταύτοῦ
944 831 1143 920 χρίσματος,
1174 834 1211 894 ut
1232 828 1413 912 saepissime

283 930 424 999 locutum
449 934 590 1004 invenies
610 941 780 1003 auctorem.
824 933 927 1002 Simili
952 933 1030 998 vitio
1052 923 1237 1017 iirquinntus
1259 935 1308 996 est
1326 929 1414 994 loeus

283 1036 371 1118 opud
390 1037 506 1104 Athen.
527 1039 577 1103 ΠΙ
597 1059 628 1122 p.
652 1039 721 1106 esf
738 1039 795 1105 ubi
816 1038 856 1104 de
876 1058 1090 1122 purpurarum
1111 1033 1315 1120 generatione
1335 1031 1410 1101 scri-

284 1139 375 1205 bitur
396 1138 455 1206 ἐὰν
476 1143 513 1207 δέ
536 1141 615 1230 πρὶν
645 1142 787 1208 ἐκτεκεῖν
807 1135 938 1221 ἁλῶσιν,
964 1137 1069 1207 ἐνίοτε
1092 1137 1125 1204 ἐν
1146 1144 1218 1216 ταῖς
1239 1133 1410 1226 φορμίσιν,

285 1237 334 1318 εἰς
357 1242 395 1308 δέ
417 1247 514 1310 τοῦτο
532 1249 705 1313 συνιοῦσαι
732 1242 927 1312 ἐκτίκτουσι.
973 1244 1013 1310 In
1029 1243 1080 1310 bis
1101 1241 1318 1326 reponendum
1347 1261 1414 1308 esse

283 1342 372 1414 vides
393 1339 441 1420 εἰς
462 1343 621 1413 δέταύτὸ
642 1350 827 1428 corronium,
855 1347 897 1414 de
919 1349 1010 1414 cuius
1030 1347 1260 1414 emendationis
1281 1346 1414 1412 veritate

283 1453 374 1514 tanto
403 1451 509 1516 minus
538 1452 710 1520 dubitandi
738 1476 834 1520 eausa
854 1459 919 1534 est,
947 1476 1010 1540 quo
1032 1454 1149 1522 certius
1177 1458 1226 1518 est
1247 1451 1414 1534 desumpta

283 1569 352 1628 esse
381 1549 463 1618 baec
491 1573 533 1616 ex
552 1553 681 1619 Aristot
706 1577 733 1620 a
754 1555 785 1618 h.
806 1553 850 1634 V,
876 1562 928 1632 15,
951 1560 970 1622 2
1001 1553 1059 1620 ἐὰν
1094 1554 1137 1635 δέΙ
1160 1551 1239 1642 πρὶν
1269 1551 1411 1620 ἐκτεκεῖν

284 1645 419 1732 croac,
441 1652 546 1722 ἐνίοτε
559 1655 593 1723 ἐν
609 1663 684 1735 ταῖς
703 1654 864 1747 φορμίσιν
879 1651 938 1742 οὐχ
966 1654 1054 1723 ὅπου
1069 1653 1178 1740 ἔτυχεν
1199 1653 1411 1738 ἐκτίκτουσιν,

284 1753 357 1831 ἀλλ’
381 1758 429 1841 εἰς
451 1760 569 1828 ταύτὸν
591 1761 710 1831 ἰοῦσαι.
741 1766 789 1832 De
809 1765 967 1837 locutione
991 1764 1214 1852 συνέρχεσθαι
1239 1758 1286 1842 εἰς
1307 1756 1409 1830 ταύτό

284 1865 443 1936 similibus
473 1867 574 1934 fusius
602 1869 723 1936 dictum
750 1875 799 1936 est
819 1870 854 1934 in
875 1869 1001 1948 Quaest.
1022 1869 1103 1934 Plut
1126 1867 1176 1932 ΙΙΙ
1198 1888 1229 1950 p.
1250 1873 1291 1932 50
1314 1871 1348 1932 et
1365 1865 1411 1932 IV

284 1995 315 2056 p.
330 1980 372 2045 23
393 1982 466 2054 not,
488 1977 603 2060 quibus
619 1978 715 2044 bodio
737 2000 778 2043 ex
797 1978 971 2044 serioribus
997 1976 1177 2044 addiderim
1191 1975 1320 2056 Proeop.
1336 1974 1366 2042 b.
1381 1997 1411 2058 g.

284 2079 347 2157 111,
369 2087 410 2148 20
437 2101 467 2162 p.
491 2086 567 2162 eet,
590 2087 626 2151 13
656 2080 691 2159 ἐς
718 2079 833 2168 κοίτην
862 2080 927 2148 τινὶ
958 2080 1131 2160 ξυνελθεῖν
1165 2080 1216 2148 vel
1242 2075 1289 2156 εἰς
1318 2071 1412 2164 εὐνήν

284 2204 399 2249 τινι
430 2184 753 2267 111‚31p.4oc,3
785 2187 848 2266 IV,
875 2194 913 2256 10
936 2209 965 2270 p.
986 2194 1061 2268 504,
1084 2192 1104 2254 6
1136 2183 1309 2269 Theophyl.
1338 2183 1412 2252 hist

284 2284 339 2362 IV,
360 2292 521 2367 ep.171,
547 2291 585 2355 18
611 2287 819 2377 παρενεγγὺα
841 2292 882 2378 τῇ
905 2288 1033 2378 γυναικὶ
1056 2289 1090 2367 ἐς
1110 2282 1231 2356 ταύτὸν
1254 2283 1348 2376 εὐνῆς
1366 2291 1408 2376 τῇ

285 2383 481 2476 φρουράρχη
504 2388 663 2474 γενέσθαι
684 2395 743 2456 etc.
785 2392 985 2476 Quamquam
1015 2413 1056 2457 ne
1076 2391 1127 2456 his
1149 2390 1279 2474 quidem
1301 2388 1409 2454 simili-

284 2492 406 2575 busque
426 2491 538 2558 lormis
567 2493 645 2578 quid
666 2496 789 2562 scribae
811 2496 851 2562 de
872 2517 930 2562 suo
950 2496 1059 2580 largiti
1080 2495 1145 2560 sint
1165 2494 1311 2568 omnibus
1333 2493 1411 2558 locis

283 2597 477 2666 adamussim
506 2598 633 2664 definiri
662 2600 748 2668 licet.
799 2599 913 2668 Obiter
947 2620 1060 2666 moneo
1085 2599 1120 2662 iu
1149 2597 1413 2680 praecedentibus

283 2723 313 2784 p.
332 2708 422 2768 6510
443 2691 541 2788 ἧττον
564 2700 599 2768 ui
623 2704 974 2788 ντλεῖοταιριγοῦοι
995 2705 1059 2764 τοῖν
1083 2695 1212 2788 ἀνδρῶν
1234 2705 1310 2781 etp.
1323 2699 1412 2766 told

284 2804 383 2889 δηλοῖ
402 2807 479 2890 γοῦν
499 2804 617 2870 καὶτὸ
638 2806 783 2894 ῥιγοῦν
805 2806 858 2870 vix
875 2806 1008 2873 dubium
1030 2825 1097 2872 esse
1120 2823 1227 2888 posse,
1249 2802 1410 2888 (1111118111-

283 2909 386 2976 cerior
413 2909 516 2976 forma
541 2909 698 2998 ῥιγοῖοι
726 2913 761 2976 ot
781 2911 904 3000 ῥιγῶν
927 2909 977 2978 vel
998 2909 1107 2988 invitis
1135 2908 1226 2976 libris
1247 2906 1414 2988 inserenda

284 3009 335 3087 sit
354 3031 425 3081 oum
447 3011 708 3090 emendatiorem,
730 3034 813 3096 quae
834 3013 950 3080 Atticis
971 3014 1102 3098 propria
1123 3011 1281 3086 adseritur·
1302 3012 1414 3094 (Cobet

285 3118 349 3188 Vh
372 3140 402 3203 p.
415 3121 478 3204 84),
499 3120 653 3186 inlaesam
674 3123 869 3196 servaverint
889 3122 1015 3188 librarii
1029 3123 1064 3187 in
1086 3122 1163 3186 Mor.
1188 3143 1217 3207 p.
1235 3127 1336 3200 2332„
1357 3121 1412 3200 ubi

283 3225 383 3300 babes
405 3225 520 3315 ῥιγῴη,
553 3249 745 3312 quamquam
771 3249 813 3293 ne
834 3229 888 3294 hic
909 3225 1038 3312 quidem
1064 3228 1151 3293 loeus
1172 3233 1264 3302 extra
1285 3227 1410 3302 dubita-

283 3332 403 3396 tionem
428 3331 550 3413 positus
575 3336 630 3396 est.
672 3331 735 3398 Sed
757 3333 862 3397 tenuis
883 3333 1012 3398 omnino
1033 3331 1111 3398 fides
1133 3336 1184 3396 est
1201 3331 1357 3396 librorum
1378 3333 1413 3395 in

285 3430 337 3494 his
356 3429 490 3514 aliisquo
510 3429 621 3496 formis
640 3432 776 3508 vitiosis,
797 3453 879 3517 quae
901 3432 1035 3498 fortuita
1053 3431 1175 3517 aliquot
1197 3431 1412 3514 exemplorum
1518 3495 1528 3514 ,

286 3535 492 3602 consensione
507 3537 666 3610 stabilitae
681 3542 842 3620 putantur,
864 3544 902 3605 ut
916 3539 1081 3606 sanissimo
1102 3538 1221 3606 iudicio
1233 3537 1413 3606 observavit

284 3639 423 3716 Dindorf
440 3641 542 3711 Praei.
563 3641 605 3711 ad
626 3643 717 3708 Dion.
742 3643 849 3728 Chrys.
871 3665 901 3726 p.
923 3643 979 3716 Xl.
1022 3643 1068 3708 Ac
1090 3644 1190 3708 multo
1214 3641 1356 3710 erebrius
1376 3640 1411 3708 in

284 3742 346 3816 hnc
365 3762 402 3807 re
423 3741 507 3823 apud
527 3742 732 3809 Plutarchum
752 3748 918 3826 peccatum
939 3748 995 3822 est
1016 3764 1113 3826 quem
1132 3743 1203 3826 quis
1223 3743 1411 3824 inexpertus

230 3840 233 3846 ’
284 3844 401 3910 credat,

370 3963 491 4029 Verum
519 3962 588 4027 levo
615 3962 675 4026 hoc
707 3961 835 4045 quidem
869 3968 918 4028 est
946 3983 1022 4045 prae
1049 3962 1243 4059 trujpissimis
1272 3962 1411 4040 maculisq
1460 3987 1462 3992 ·

284 4093 365 4162 quae
392 4070 562 4154 inquinant
584 4067 688 4155 Symp.
708 4067 769 4145 VI,
795 4075 832 4135 10
854 4089 885 4150 p.
907 4069 999 4136 btl'lb
1030 4066 1069 4134 τὸ
1099 4061 1181 4134 αὐτὸ
1214 4081 1270 4150 (se.
1292 4061 1411 4156 ταύτό)

286 4170 323 4236 δέ
340 4165 461 4250 πάσχει
477 4167 548 4239 ,καὶ
563 4169 700 4250 νιυρυῖν
715 4164 911 4243 ἐντεθεὶς
929 4157 1054 4253 (bereg)
1072 4166 1189 4249 σιυρηῖ
1208 4162 1276 4230 καὶ
1292 4159 1413 4249 νίτρηι

285 4271 570 4354 συνημμένος,
594 4289 696 4350 neque
711 4265 797 4333 enim
811 4264 918 4353 σειρὰς
938 4269 1049 4353 πυρῶν
1070 4263 1147 4349 quid
1163 4265 1206 4332 sit
1220 4265 1412 4348 perspicitis

286 4375 319 4435 et
339 4367 545 4454 συνημμένος
565 4367 733 4432 manifesto
754 4364 941 4431 mendosum
960 4370 1016 4432 est.
1060 4364 1228 4432 Sublatum
1250 4365 1311 4434 erit
1332 4364 1410 4430 clte-

154 4499 158 4506 “
284 4497 357 4540 rum
376 4473 490 4538 vitium
518 4471 767 4556 sirsscrlpserls
796 4469 854 4535 καὶ
878 4473 991 4559 ντυρῶν
1021 4469 1168 4549 ἐντεθεὶς
1195 4474 1313 4558 σιρῷ,
1343 4470 1363 4534 i.
1386 4490 1412 4533 e.

286 4587 317 4644 ει·
330 4585 493 4666 impariter
505 4583 567 4644 ace
580 4585 612 4642 ιἰι
626 4581 722 4644 scobe
734 4600 791 4662 ηκο
804 4578 911 4643 hordeo
930 4579 1099 4656 conduntur,
1120 4598 1215 4660 quem
1230 4573 1272 4650 ad
1286 4572 1415 4646 modum
