<?xml version="1.0" encoding="UTF-8"?>
<!DOCTYPE html PUBLIC "-//W3C//DTD XHTML 1.0 Transitional//EN"
    "http://www.w3.org/TR/xhtml1/DTD/xhtml1-transitional.dtd">
<html xmlns="http://www.w3.org/1999/xhtml" xml:lang="en" lang="en">
 <head>
  <title>
</title>
<meta http-equiv="Content-Type" content="text/html;charset=utf-8" />
  <meta name='ocr-system' content='tesseract 3.04.00' />
  <meta name='ocr-capabilities' content='ocr_page ocr_carea ocr_par ocr_line ocrx_word'/>
</head>
<body>
  <div class='ocr_page' id='page_1' title='image "./vindiciarumplut01doehgoog_0069.png"; bbox 0 0 3534 5392; ppageno 0'>
   <div class='ocr_carea' id='block_1_1' title="bbox 687 476 900 539">
    <p class='ocr_par' dir='ltr' id='par_1_1' title="bbox 687 476 900 539">
     <span class='ocr_line' id='line_1_1' title="bbox 687 476 900 539; baseline -0.005 -18"><span class='ocrx_word' id='word_1_1' title='bbox 687 476 900 539; x_wconf 75' lang='lat'>..61-</span> 
     </span>
    </p>
   </div>
   <div class='ocr_carea' id='block_1_2' title="bbox 216 629 1445 2898">
    <p class='ocr_par' dir='ltr' id='par_1_2' title="bbox 222 629 1364 1246">
     <span class='ocr_line' id='line_1_2' title="bbox 227 629 1363 728; baseline 0.004 -24"><span class='ocrx_word' id='word_1_2' title='bbox 227 636 356 728; x_wconf 86' lang='grc' dir='ltr'><em>πόρρισ</em></span> <span class='ocrx_word' id='word_1_3' title='bbox 379 629 416 727; x_wconf 84' lang='grc' dir='ltr'>ἧν</span> <span class='ocrx_word' id='word_1_4' title='bbox 429 641 494 705; x_wconf 76' lang='grc' dir='ltr'>τῶν</span> <span class='ocrx_word' id='word_1_5' title='bbox 510 641 640 718; x_wconf 80' lang='grc' dir='ltr'><em>νυκτῶν,</em></span> <span class='ocrx_word' id='word_1_6' title='bbox 660 637 745 724; x_wconf 90' lang='lat' dir='ltr'>quod</span> <span class='ocrx_word' id='word_1_7' title='bbox 767 637 888 721; x_wconf 80' lang='lat' dir='ltr'>repetit</span> <span class='ocrx_word' id='word_1_8' title='bbox 906 636 948 718; x_wconf 85' lang='lat' dir='ltr'>II,</span> <span class='ocrx_word' id='word_1_9' title='bbox 969 642 1011 706; x_wconf 75' lang='lat'>24</span> <span class='ocrx_word' id='word_1_10' title='bbox 1028 655 1059 722; x_wconf 92' lang='lat' dir='ltr'>p.</span> <span class='ocrx_word' id='word_1_11' title='bbox 1073 641 1146 718; x_wconf 79' lang='lat'>244,</span> <span class='ocrx_word' id='word_1_12' title='bbox 1164 645 1219 709; x_wconf 72' lang='grc' dir='ltr'>10.Ι</span> <span class='ocrx_word' id='word_1_13' title='bbox 1240 638 1363 708; x_wconf 76' lang='lat' dir='ltr'>Eadem</span> 
     </span>
     <span class='ocr_line' id='line_1_3' title="bbox 227 735 1363 828; baseline 0.009 -26"><span class='ocrx_word' id='word_1_14' title='bbox 227 735 270 804; x_wconf 91' lang='lat' dir='ltr'>de</span> <span class='ocrx_word' id='word_1_15' title='bbox 287 737 412 827; x_wconf 86' lang='grc' dir='ltr'><em>πόρρω</em></span> <span class='ocrx_word' id='word_1_16' title='bbox 426 738 577 812; x_wconf 83' lang='lat' dir='ltr'>vocabulo</span> <span class='ocrx_word' id='word_1_17' title='bbox 599 739 777 806; x_wconf 84' lang='lat' dir='ltr'>observatio</span> <span class='ocrx_word' id='word_1_18' title='bbox 791 737 942 806; x_wconf 79' lang='lat' dir='ltr'><strong>admonet</strong></span> <span class='ocrx_word' id='word_1_19' title='bbox 961 761 1012 808; x_wconf 92' lang='lat' dir='ltr'>me</span> <span class='ocrx_word' id='word_1_20' title='bbox 1032 740 1095 808; x_wconf 86' lang='lat' dir='ltr'>loci</span> <span class='ocrx_word' id='word_1_21' title='bbox 1107 739 1213 828; x_wconf 77' lang='lat' dir='ltr'>symp.</span> <span class='ocrx_word' id='word_1_22' title='bbox 1228 741 1284 823; x_wconf 90' lang='lat' dir='ltr'>IV,</span> <span class='ocrx_word' id='word_1_23' title='bbox 1302 749 1327 823; x_wconf 87' lang='lat'>1,</span> <span class='ocrx_word' id='word_1_24' title='bbox 1343 750 1363 812; x_wconf 81' lang='lat'><strong>2</strong></span> 
     </span>
     <span class='ocr_line' id='line_1_4' title="bbox 223 839 1361 929; baseline -0.002 -21"><span class='ocrx_word' id='word_1_25' title='bbox 223 860 255 923; x_wconf 89' lang='lat' dir='ltr'>p.</span> <span class='ocrx_word' id='word_1_26' title='bbox 285 845 355 908; x_wconf 81' lang='lat'>662</span> <span class='ocrx_word' id='word_1_27' title='bbox 372 863 404 921; x_wconf 87' lang='lat' dir='ltr'>a,</span> <span class='ocrx_word' id='word_1_28' title='bbox 444 842 500 909; x_wconf 90' lang='lat' dir='ltr'>ubi</span> <span class='ocrx_word' id='word_1_29' title='bbox 537 861 610 907; x_wconf 88' lang='lat' dir='ltr'>cum</span> <span class='ocrx_word' id='word_1_30' title='bbox 646 839 842 908; x_wconf 78' lang='lat' dir='ltr'>intolerabili</span> <span class='ocrx_word' id='word_1_31' title='bbox 874 839 967 906; x_wconf 87' lang='lat' dir='ltr'>hiatu</span> <span class='ocrx_word' id='word_1_32' title='bbox 994 840 1120 926; x_wconf 84' lang='lat' dir='ltr'>legatur</span> <span class='ocrx_word' id='word_1_33' title='bbox 1160 843 1260 908; x_wconf 84' lang='grc' dir='ltr'><em>τοῦτο</em></span> <span class='ocrx_word' id='word_1_34' title='bbox 1298 842 1361 929; x_wconf 84' lang='grc' dir='ltr'>γὰρ</span> 
     </span>
     <span class='ocr_line' id='line_1_5' title="bbox 227 943 1362 1036; baseline 0.003 -25"><span class='ocrx_word' id='word_1_35' title='bbox 227 947 445 1035; x_wconf 76' lang='grc' dir='ltr'><em>πορρωτέρω</em></span> <span class='ocrx_word' id='word_1_36' title='bbox 464 943 575 1032; x_wconf 79' lang='grc' dir='ltr'><em>ἐξάγει</em></span> <span class='ocrx_word' id='word_1_37' title='bbox 590 948 648 1033; x_wconf 76' lang='grc' dir='ltr'><em>τῆς</em></span> <span class='ocrx_word' id='word_1_38' title='bbox 666 943 789 1036; x_wconf 81' lang='grc' dir='ltr'><em>χρείας,</em></span> <span class='ocrx_word' id='word_1_39' title='bbox 813 945 973 1012; x_wconf 85' lang='lat' dir='ltr'>tutissima</span> <span class='ocrx_word' id='word_1_40' title='bbox 988 945 1178 1014; x_wconf 88' lang='lat' dir='ltr'>emendandi</span> <span class='ocrx_word' id='word_1_41' title='bbox 1195 947 1278 1015; x_wconf 86' lang='lat' dir='ltr'>ratio</span> <span class='ocrx_word' id='word_1_42' title='bbox 1293 968 1362 1015; x_wconf 80' lang='lat' dir='ltr'>ver-</span> 
     </span>
     <span class='ocr_line' id='line_1_6' title="bbox 224 1047 1364 1142; baseline 0 -25"><span class='ocrx_word' id='word_1_43' title='bbox 224 1049 349 1118; x_wconf 86' lang='lat' dir='ltr'>borum</span> <span class='ocrx_word' id='word_1_44' title='bbox 379 1050 443 1118; x_wconf 89' lang='lat' dir='ltr'>erit</span> <span class='ocrx_word' id='word_1_45' title='bbox 469 1050 689 1137; x_wconf 77' lang='lat' dir='ltr'>transpositio:</span> <span class='ocrx_word' id='word_1_46' title='bbox 719 1053 818 1116; x_wconf 78' lang='grc' dir='ltr'><em>τοῦτο</em></span> <span class='ocrx_word' id='word_1_47' title='bbox 845 1049 908 1139; x_wconf 86' lang='grc' dir='ltr'>γάρ</span> <span class='ocrx_word' id='word_1_48' title='bbox 939 1047 1050 1136; x_wconf 77' lang='grc' dir='ltr'><strong><em>ἐξάγει</em></strong></span> <span class='ocrx_word' id='word_1_49' title='bbox 1073 1051 1278 1142; x_wconf 76' lang='grc' dir='ltr'><em>πορρωτέρω</em></span> <span class='ocrx_word' id='word_1_50' title='bbox 1305 1054 1364 1140; x_wconf 80' lang='grc' dir='ltr'><em>τῆς</em></span> 
     </span>
     <span class='ocr_line' id='line_1_7' title="bbox 222 1157 359 1246; baseline -0.007 -22"><span class='ocrx_word' id='word_1_51' title='bbox 222 1157 359 1246; x_wconf 80' lang='grc' dir='ltr'><em>χρείας.</em></span> 
     </span>
    </p>

    <p class='ocr_par' dir='ltr' id='par_1_3' title="bbox 216 1246 1445 2898">
     <span class='ocr_line' id='line_1_8' title="bbox 322 1246 1362 1355; baseline 0.004 -25"><span class='ocrx_word' id='word_1_52' title='bbox 322 1246 409 1332; x_wconf 85' lang='lat' dir='ltr'>Item</span> <span class='ocrx_word' id='word_1_53' title='bbox 435 1285 500 1332; x_wconf 93' lang='lat' dir='ltr'>non</span> <span class='ocrx_word' id='word_1_54' title='bbox 526 1285 606 1348; x_wconf 88' lang='lat' dir='ltr'>opus</span> <span class='ocrx_word' id='word_1_55' title='bbox 630 1264 768 1343; x_wconf 78' lang='lat' dir='ltr'>videtur,</span> <span class='ocrx_word' id='word_1_56' title='bbox 798 1266 835 1332; x_wconf 88' lang='lat' dir='ltr'>ut</span> <span class='ocrx_word' id='word_1_57' title='bbox 855 1262 898 1330; x_wconf 86' lang='lat' dir='ltr'>ed</span> <span class='ocrx_word' id='word_1_58' title='bbox 918 1261 1172 1355; x_wconf 86' lang='lat' dir='ltr'>emendationem</span> <span class='ocrx_word' id='word_1_59' title='bbox 1192 1263 1296 1334; x_wconf 83' lang='lat' dir='ltr'>editae</span> <span class='ocrx_word' id='word_1_60' title='bbox 1317 1265 1362 1334; x_wconf 88' lang='lat' dir='ltr'>le·</span> 
     </span>
     <span class='ocr_line' id='line_1_9' title="bbox 229 1363 1365 1452; baseline 0.003 -21"><span class='ocrx_word' id='word_1_61' title='bbox 229 1365 354 1432; x_wconf 88' lang='lat' dir='ltr'>ctionis</span> <span class='ocrx_word' id='word_1_62' title='bbox 375 1365 592 1452; x_wconf 81' lang='lat' dir='ltr'>confugiamus</span> <span class='ocrx_word' id='word_1_63' title='bbox 613 1363 668 1444; x_wconf 83' lang='lat' dir='ltr'>VI,</span> <span class='ocrx_word' id='word_1_64' title='bbox 690 1371 709 1432; x_wconf 88' lang='lat'>5</span> <span class='ocrx_word' id='word_1_65' title='bbox 730 1386 761 1448; x_wconf 89' lang='lat' dir='ltr'>p.</span> <span class='ocrx_word' id='word_1_66' title='bbox 783 1369 844 1432; x_wconf 88' lang='grc'>691</span> <span class='ocrx_word' id='word_1_67' title='bbox 857 1386 885 1444; x_wconf 85' lang='lat' dir='ltr'>a,</span> <span class='ocrx_word' id='word_1_68' title='bbox 906 1363 964 1432; x_wconf 89' lang='lat' dir='ltr'>ubi</span> <span class='ocrx_word' id='word_1_69' title='bbox 984 1364 1162 1450; x_wconf 80' lang='lat' dir='ltr'>inquirens,</span> <span class='ocrx_word' id='word_1_70' title='bbox 1183 1387 1240 1432; x_wconf 89' lang='lat' dir='ltr'>cur</span> <span class='ocrx_word' id='word_1_71' title='bbox 1260 1367 1365 1450; x_wconf 81' lang='lat' dir='ltr'>lapilli</span> 
     </span>
     <span class='ocr_line' id='line_1_10' title="bbox 229 1465 1361 1554; baseline 0.001 -19"><span class='ocrx_word' id='word_1_72' title='bbox 229 1473 265 1535; x_wconf 86' lang='lat' dir='ltr'>et</span> <span class='ocrx_word' id='word_1_73' title='bbox 287 1468 462 1551; x_wconf 82' lang='lat' dir='ltr'>plumbeae</span> <span class='ocrx_word' id='word_1_74' title='bbox 483 1469 608 1536; x_wconf 85' lang='lat' dir='ltr'>lamnae</span> <span class='ocrx_word' id='word_1_75' title='bbox 637 1469 671 1534; x_wconf 91' lang='lat' dir='ltr'>in</span> <span class='ocrx_word' id='word_1_76' title='bbox 691 1488 807 1554; x_wconf 79' lang='lat' dir='ltr'>aquam</span> <span class='ocrx_word' id='word_1_77' title='bbox 836 1466 973 1533; x_wconf 88' lang='lat' dir='ltr'>iniectae</span> <span class='ocrx_word' id='word_1_78' title='bbox 1000 1465 1197 1552; x_wconf 76' lang='lat' dir='ltr'>frigidiorem</span> <span class='ocrx_word' id='word_1_79' title='bbox 1224 1488 1296 1535; x_wconf 86' lang='lat' dir='ltr'>earn</span> <span class='ocrx_word' id='word_1_80' title='bbox 1315 1468 1361 1536; x_wconf 88' lang='lat' dir='ltr'>sa·</span> 
     </span>
     <span class='ocr_line' id='line_1_11' title="bbox 228 1568 1361 1657; baseline 0.004 -21"><span class='ocrx_word' id='word_1_81' title='bbox 228 1572 336 1652; x_wconf 84' lang='lat' dir='ltr'>ciant,</span> <span class='ocrx_word' id='word_1_82' title='bbox 359 1573 443 1640; x_wconf 84' lang='lat' dir='ltr'>hanc</span> <span class='ocrx_word' id='word_1_83' title='bbox 461 1573 553 1656; x_wconf 87' lang='lat' dir='ltr'>ponit</span> <span class='ocrx_word' id='word_1_84' title='bbox 568 1593 703 1652; x_wconf 80' lang='lat' dir='ltr'>causam,</span> <span class='ocrx_word' id='word_1_85' title='bbox 725 1570 810 1657; x_wconf 89' lang='lat' dir='ltr'>quod</span> <span class='ocrx_word' id='word_1_86' title='bbox 831 1591 887 1638; x_wconf 84' lang='lat' dir='ltr'>aer</span> <span class='ocrx_word' id='word_1_87' title='bbox 907 1568 1068 1653; x_wconf 75' lang='lat' dir='ltr'>lapidibus</span> <span class='ocrx_word' id='word_1_88' title='bbox 1083 1571 1134 1637; x_wconf 83' lang='lat' dir='ltr'>vel</span> <span class='ocrx_word' id='word_1_89' title='bbox 1148 1571 1265 1640; x_wconf 81' lang='lat' dir='ltr'>lamnis</span> <span class='ocrx_word' id='word_1_90' title='bbox 1278 1575 1361 1640; x_wconf 89' lang='lat' dir='ltr'>reni-</span> 
     </span>
     <span class='ocr_line' id='line_1_12' title="bbox 228 1669 1364 1765; baseline 0.004 -23"><span class='ocrx_word' id='word_1_91' title='bbox 228 1680 306 1742; x_wconf 89' lang='lat' dir='ltr'>tens</span> <span class='ocrx_word' id='word_1_92' title='bbox 322 1676 368 1742; x_wconf 90' lang='lat' dir='ltr'>ad</span> <span class='ocrx_word' id='word_1_93' title='bbox 380 1676 634 1762; x_wconf 81' lang='lat' dir='ltr'>refrigerendum</span> <span class='ocrx_word' id='word_1_94' title='bbox 651 1677 723 1759; x_wconf 89' lang='lat' dir='ltr'>plus</span> <span class='ocrx_word' id='word_1_95' title='bbox 737 1675 853 1743; x_wconf 83' lang='lat' dir='ltr'>virium</span> <span class='ocrx_word' id='word_1_96' title='bbox 869 1674 1005 1758; x_wconf 77' lang='lat' dir='ltr'>habeat3</span> <span class='ocrx_word' id='word_1_97' title='bbox 1022 1669 1139 1765; x_wconf 82' lang='grc' dir='ltr'><em>οὐγὰρ</em></span> <span class='ocrx_word' id='word_1_98' title='bbox 1154 1673 1364 1746; x_wconf 78' lang='grc' dir='ltr'><em>λιδσιναάτδν</em></span> 
     </span>
     <span class='ocr_line' id='line_1_13' title="bbox 216 1768 1365 1865; baseline 0.001 -23"><span class='ocrx_word' id='word_1_99' title='bbox 216 1773 309 1858; x_wconf 89' lang='grc' dir='ltr'><em>·(τδν</em></span> <span class='ocrx_word' id='word_1_100' title='bbox 326 1769 439 1865; x_wconf 86' lang='grc' dir='ltr'><em>ἀέρα),</em></span> <span class='ocrx_word' id='word_1_101' title='bbox 455 1772 572 1865; x_wconf 82' lang='grc' dir='ltr'><em>δίσπερ</em></span> <span class='ocrx_word' id='word_1_102' title='bbox 593 1773 641 1840; x_wconf 83' lang='grc' dir='ltr'>τά</span> <span class='ocrx_word' id='word_1_103' title='bbox 661 1771 820 1856; x_wconf 89' lang='grc' dir='ltr'><em>χάλκεα</em></span> <span class='ocrx_word' id='word_1_104' title='bbox 843 1771 900 1840; x_wconf 85' lang='grc' dir='ltr'>καὶ</span> <span class='ocrx_word' id='word_1_105' title='bbox 918 1771 961 1839; x_wconf 87' lang='grc' dir='ltr'>τὰ</span> <span class='ocrx_word' id='word_1_106' title='bbox 974 1768 1122 1863; x_wconf 88' lang='grc' dir='ltr'><em>κεράμεα</em></span> <span class='ocrx_word' id='word_1_107' title='bbox 1143 1776 1209 1841; x_wconf 82' lang='grc' dir='ltr'><em>τιδν</em></span> <span class='ocrx_word' id='word_1_108' title='bbox 1224 1769 1365 1863; x_wconf 87' lang='grc' dir='ltr'><em>ἀγγείων</em></span> 
     </span>
     <span class='ocr_line' id='line_1_14' title="bbox 231 1870 1364 1966; baseline 0.002 -22"><span class='ocrx_word' id='word_1_109' title='bbox 231 1877 461 1960; x_wconf 76' lang='grc' dir='ltr'><em>διεκπίπτειν,</em></span> <span class='ocrx_word' id='word_1_110' title='bbox 485 1875 572 1945; x_wconf 83' lang='grc' dir='ltr'><em>ἀλλά</em></span> <span class='ocrx_word' id='word_1_111' title='bbox 592 1880 634 1966; x_wconf 77' lang='grc' dir='ltr'>τῇ</span> <span class='ocrx_word' id='word_1_112' title='bbox 655 1873 835 1964; x_wconf 86' lang='grc' dir='ltr'><em>πυκνότητι</em></span> <span class='ocrx_word' id='word_1_113' title='bbox 856 1876 1027 1963; x_wconf 76' lang='grc' dir='ltr'><em>στέγοντες</em></span> <span class='ocrx_word' id='word_1_114' title='bbox 1049 1870 1233 1946; x_wconf 61' lang='grc' dir='ltr'><em>ἀνακλῶσιν</em></span> <span class='ocrx_word' id='word_1_115' title='bbox 1256 1873 1364 1958; x_wconf 84' lang='grc' dir='ltr'><em>εἶς’τδ</em></span> 
     </span>
     <span class='ocr_line' id='line_1_15' title="bbox 228 1974 1365 2070; baseline -0.001 -25"><span class='ocrx_word' id='word_1_116' title='bbox 228 1977 327 2070; x_wconf 75' lang='grc' dir='ltr'><em>ὕδωρ</em></span> <span class='ocrx_word' id='word_1_117' title='bbox 359 1974 418 2046; x_wconf 77' lang='grc' dir='ltr'><em>ἀπ’</em></span> <span class='ocrx_word' id='word_1_118' title='bbox 447 1974 571 2060; x_wconf 79' lang='grc' dir='ltr'><em>αὐτῶν,</em></span> <span class='ocrx_word' id='word_1_119' title='bbox 602 1977 689 2045; x_wconf 78' lang='grc' dir='ltr'><em>ὥστε</em></span> <span class='ocrx_word' id='word_1_120' title='bbox 717 1975 832 2044; x_wconf 78' lang='grc' dir='ltr'><em>διόλου</em></span> <span class='ocrx_word' id='word_1_121' title='bbox 861 1978 919 2042; x_wconf 86' lang='grc' dir='ltr'>καὶ</span> <span class='ocrx_word' id='word_1_122' title='bbox 951 1975 1085 2066; x_wconf 84' lang='grc' dir='ltr'><em>ἰσχυράν</em></span> <span class='ocrx_word' id='word_1_123' title='bbox 1116 1978 1277 2064; x_wconf 69' lang='grc' dir='ltr'><em>γενέσθαι</em></span> <span class='ocrx_word' id='word_1_124' title='bbox 1307 1977 1365 2067; x_wconf 74' lang='grc' dir='ltr'>τὴν</span> 
     </span>
     <span class='ocr_line' id='line_1_16' title="bbox 234 2080 1445 2174; baseline 0.002 -25"><span class='ocrx_word' id='word_1_125' title='bbox 234 2082 434 2174; x_wconf 78' lang='grc' dir='ltr'><em>περίψυξιν.</em></span> <span class='ocrx_word' id='word_1_126' title='bbox 478 2083 517 2148; x_wconf 93' lang='lat' dir='ltr'>In</span> <span class='ocrx_word' id='word_1_127' title='bbox 538 2082 589 2147; x_wconf 90' lang='lat' dir='ltr'>his</span> <span class='ocrx_word' id='word_1_128' title='bbox 605 2082 757 2166; x_wconf 85' lang='lat' dir='ltr'>pleraque</span> <span class='ocrx_word' id='word_1_129' title='bbox 774 2080 850 2146; x_wconf 87' lang='lat' dir='ltr'>satis</span> <span class='ocrx_word' id='word_1_130' title='bbox 865 2080 1016 2164; x_wconf 86' lang='lat' dir='ltr'>expedita</span> <span class='ocrx_word' id='word_1_131' title='bbox 1031 2086 1120 2163; x_wconf 80' lang='lat' dir='ltr'>sunt,</span> <span class='ocrx_word' id='word_1_132' title='bbox 1140 2083 1168 2148; x_wconf 91' lang='lat' dir='ltr'>si</span> <span class='ocrx_word' id='word_1_133' title='bbox 1183 2080 1364 2151; x_wconf 88' lang='lat' dir='ltr'>discesseris</span> <span class='ocrx_word' id='word_1_134' title='bbox 1440 2096 1445 2110; x_wconf 91' lang='grc'><strong>“</strong></span> 
     </span>
     <span class='ocr_line' id='line_1_17' title="bbox 230 2187 1364 2274; baseline -0.001 -16"><span class='ocrx_word' id='word_1_135' title='bbox 230 2213 252 2258; x_wconf 84' lang='lat' dir='ltr'>a</span> <span class='ocrx_word' id='word_1_136' title='bbox 281 2213 432 2258; x_wconf 84' lang='lat' dir='ltr'>vasorum</span> <span class='ocrx_word' id='word_1_137' title='bbox 461 2210 632 2256; x_wconf 85' lang='lat' dir='ltr'>aeneorum</span> <span class='ocrx_word' id='word_1_138' title='bbox 667 2187 978 2270; x_wconf 87' lang='lat' dir='ltr'>commemoratione,</span> <span class='ocrx_word' id='word_1_139' title='bbox 1006 2210 1089 2274; x_wconf 88' lang='lat' dir='ltr'>quae</span> <span class='ocrx_word' id='word_1_140' title='bbox 1117 2211 1189 2255; x_wconf 90' lang='lat' dir='ltr'>cum</span> <span class='ocrx_word' id='word_1_141' title='bbox 1216 2212 1273 2258; x_wconf 85' lang='lat' dir='ltr'>aer</span> <span class='ocrx_word' id='word_1_142' title='bbox 1300 2212 1364 2258; x_wconf 93' lang='lat' dir='ltr'>non</span> 
     </span>
     <span class='ocr_line' id='line_1_18' title="bbox 230 2287 1360 2383; baseline 0.003 -21"><span class='ocrx_word' id='word_1_143' title='bbox 230 2299 341 2383; x_wconf 83' lang='lat' dir='ltr'>magis</span> <span class='ocrx_word' id='word_1_144' title='bbox 367 2296 523 2363; x_wconf 90' lang='lat' dir='ltr'>eiusmodi</span> <span class='ocrx_word' id='word_1_145' title='bbox 553 2317 628 2362; x_wconf 84' lang='lat' dir='ltr'>vasa</span> <span class='ocrx_word' id='word_1_146' title='bbox 648 2294 803 2379; x_wconf 75' lang='lat' dir='ltr'>pervadat</span> <span class='ocrx_word' id='word_1_147' title='bbox 831 2316 927 2380; x_wconf 88' lang='lat' dir='ltr'>quam</span> <span class='ocrx_word' id='word_1_148' title='bbox 955 2287 1084 2376; x_wconf 60' lang='lat' dir='ltr'>silices,&#39;</span> <span class='ocrx_word' id='word_1_149' title='bbox 1108 2302 1254 2380; x_wconf 86' lang='lat' dir='ltr'>suspecta</span> <span class='ocrx_word' id='word_1_150' title='bbox 1274 2297 1360 2366; x_wconf 81' lang='lat' dir='ltr'>vide-</span> 
     </span>
     <span class='ocr_line' id='line_1_19' title="bbox 230 2394 1364 2481; baseline 0.006 -20"><span class='ocrx_word' id='word_1_151' title='bbox 230 2395 334 2461; x_wconf 80' lang='lat' dir='ltr'>batur</span> <span class='ocrx_word' id='word_1_152' title='bbox 354 2399 387 2462; x_wconf 92' lang='lat' dir='ltr'>et</span> <span class='ocrx_word' id='word_1_153' title='bbox 399 2394 529 2461; x_wconf 88' lang='lat' dir='ltr'>Reiskio</span> <span class='ocrx_word' id='word_1_154' title='bbox 552 2400 584 2462; x_wconf 88' lang='lat' dir='ltr'>et</span> <span class='ocrx_word' id='word_1_155' title='bbox 599 2416 693 2479; x_wconf 90' lang='lat' dir='ltr'>quem</span> <span class='ocrx_word' id='word_1_156' title='bbox 714 2395 767 2462; x_wconf 91' lang='lat' dir='ltr'>hio</span> <span class='ocrx_word' id='word_1_157' title='bbox 782 2395 817 2460; x_wconf 91' lang='lat' dir='ltr'>in</span> <span class='ocrx_word' id='word_1_158' title='bbox 831 2395 977 2463; x_wconf 63' lang='lat' dir='ltr'>taudem</span> <span class='ocrx_word' id='word_1_159' title='bbox 993 2397 1131 2481; x_wconf 83' lang='lat' dir='ltr'>perlenit</span> <span class='ocrx_word' id='word_1_160' title='bbox 1143 2399 1364 2481; x_wconf 86' lang='lat' dir='ltr'>Kaltwassero,</span> 
     </span>
     <span class='ocr_line' id='line_1_20' title="bbox 231 2493 1364 2588; baseline 0.004 -22"><span class='ocrx_word' id='word_1_161' title='bbox 231 2500 409 2567; x_wconf 74' lang='lat' dir='ltr'>infeliciter</span> <span class='ocrx_word' id='word_1_162' title='bbox 428 2493 559 2588; x_wconf 78' lang='grc' dir='ltr'><em>χαλαρά</em></span> <span class='ocrx_word' id='word_1_163' title='bbox 581 2499 766 2582; x_wconf 86' lang='lat' dir='ltr'>temptanti,</span> <span class='ocrx_word' id='word_1_164' title='bbox 787 2520 846 2583; x_wconf 91' lang='lat' dir='ltr'>pro</span> <span class='ocrx_word' id='word_1_165' title='bbox 861 2520 938 2584; x_wconf 85' lang='lat' dir='ltr'>quo,</span> <span class='ocrx_word' id='word_1_166' title='bbox 958 2500 1086 2567; x_wconf 82' lang='lat' dir='ltr'>sirecte</span> <span class='ocrx_word' id='word_1_167' title='bbox 1105 2499 1141 2567; x_wconf 91' lang='lat' dir='ltr'>id</span> <span class='ocrx_word' id='word_1_168' title='bbox 1156 2508 1243 2570; x_wconf 87' lang='lat' dir='ltr'>stare</span> <span class='ocrx_word' id='word_1_169' title='bbox 1257 2510 1364 2586; x_wconf 84' lang='lat' dir='ltr'>posset</span> 
     </span>
     <span class='ocr_line' id='line_1_21' title="bbox 231 2601 1362 2696; baseline 0.003 -23"><span class='ocrx_word' id='word_1_170' title='bbox 231 2614 311 2674; x_wconf 83' lang='lat' dir='ltr'>ante</span> <span class='ocrx_word' id='word_1_171' title='bbox 327 2601 484 2696; x_wconf 88' lang='grc' dir='ltr'><em>κεράμεα,</em></span> <span class='ocrx_word' id='word_1_172' title='bbox 507 2605 613 2688; x_wconf 90' lang='lat' dir='ltr'>potius</span> <span class='ocrx_word' id='word_1_173' title='bbox 635 2604 802 2672; x_wconf 67' lang='lat' dir='ltr'>recidererc</span> <span class='ocrx_word' id='word_1_174' title='bbox 820 2605 871 2671; x_wconf 85' lang='lat' dir='ltr'>vel</span> <span class='ocrx_word' id='word_1_175' title='bbox 889 2601 980 2688; x_wconf 86' lang='grc' dir='ltr'><em>μανά</em></span> <span class='ocrx_word' id='word_1_176' title='bbox 998 2605 1171 2672; x_wconf 88' lang='lat' dir='ltr'>dicendum</span> <span class='ocrx_word' id='word_1_177' title='bbox 1186 2607 1282 2676; x_wconf 77' lang='lat' dir='ltr'>finisse</span> <span class='ocrx_word' id='word_1_178' title='bbox 1295 2632 1362 2676; x_wconf 88' lang='lat' dir='ltr'>cre-</span> 
     </span>
     <span class='ocr_line' id='line_1_22' title="bbox 234 2710 1365 2796; baseline 0.003 -16"><span class='ocrx_word' id='word_1_179' title='bbox 234 2714 393 2794; x_wconf 86' lang='lat' dir='ltr'>diderim;</span> <span class='ocrx_word' id='word_1_180' title='bbox 406 2733 471 2778; x_wconf 91' lang='lat' dir='ltr'>non</span> <span class='ocrx_word' id='word_1_181' title='bbox 480 2716 558 2795; x_wconf 89' lang='lat' dir='ltr'>puto</span> <span class='ocrx_word' id='word_1_182' title='bbox 573 2716 680 2779; x_wconf 82' lang='lat' dir='ltr'>temen</span> <span class='ocrx_word' id='word_1_183' title='bbox 696 2711 865 2796; x_wconf 85' lang='lat' dir='ltr'>quicquam</span> <span class='ocrx_word' id='word_1_184' title='bbox 878 2710 1067 2776; x_wconf 84' lang='lat' dir='ltr'>mutandum</span> <span class='ocrx_word' id='word_1_185' title='bbox 1079 2732 1155 2778; x_wconf 88' lang='lat' dir='ltr'>esse.</span> <span class='ocrx_word' id='word_1_186' title='bbox 1177 2713 1365 2783; x_wconf 77' lang='lat' dir='ltr'>Plutarchus</span> 
     </span>
     <span class='ocr_line' id='line_1_23' title="bbox 235 2813 1362 2898; baseline 0.001 -13"><span class='ocrx_word' id='word_1_187' title='bbox 235 2820 327 2885; x_wconf 88' lang='lat' dir='ltr'>enim</span> <span class='ocrx_word' id='word_1_188' title='bbox 352 2816 440 2884; x_wconf 88' lang='lat' dir='ltr'>haud</span> <span class='ocrx_word' id='word_1_189' title='bbox 466 2815 562 2892; x_wconf 89' lang='lat' dir='ltr'>dubie</span> <span class='ocrx_word' id='word_1_190' title='bbox 586 2814 728 2898; x_wconf 77' lang='lat' dir='ltr'>respexit</span> <span class='ocrx_word' id='word_1_191' title='bbox 754 2813 796 2880; x_wconf 84' lang='lat' dir='ltr'>ad</span> <span class='ocrx_word' id='word_1_192' title='bbox 824 2817 967 2882; x_wconf 83' lang='lat' dir='ltr'>veterum</span> <span class='ocrx_word' id='word_1_193' title='bbox 992 2815 1033 2882; x_wconf 91' lang='lat' dir='ltr'>de</span> <span class='ocrx_word' id='word_1_194' title='bbox 1055 2817 1138 2882; x_wconf 88' lang='lat' dir='ltr'>aeris</span> <span class='ocrx_word' id='word_1_195' title='bbox 1157 2822 1273 2886; x_wconf 85' lang='lat' dir='ltr'>natura</span> <span class='ocrx_word' id='word_1_196' title='bbox 1293 2841 1362 2888; x_wconf 89' lang='lat' dir='ltr'>sen-</span> 
     </span>
    </p>
   </div>
   <div class='ocr_carea' id='block_1_3' title="bbox 234 2915 1504 3008">
    <p class='ocr_par' dir='ltr' id='par_1_4' title="bbox 234 2915 1504 3008">
     <span class='ocr_line' id='line_1_24' title="bbox 234 2915 1504 3008; baseline -0.006 -20"><span class='ocrx_word' id='word_1_197' title='bbox 234 2921 388 3000; x_wconf 85' lang='lat' dir='ltr'>tentiam,</span> <span class='ocrx_word' id='word_1_198' title='bbox 416 2939 513 3003; x_wconf 90' lang='lat' dir='ltr'>quarn</span> <span class='ocrx_word' id='word_1_199' title='bbox 539 2917 607 3000; x_wconf 86' lang='lat' dir='ltr'>ipse</span> <span class='ocrx_word' id='word_1_200' title='bbox 635 2916 686 2982; x_wconf 90' lang='lat' dir='ltr'>his</span> <span class='ocrx_word' id='word_1_201' title='bbox 714 2915 819 3008; x_wconf 81' lang='lat' dir='ltr'>verbis</span> <span class='ocrx_word' id='word_1_202' title='bbox 851 2915 1009 3002; x_wconf 84' lang='lat' dir='ltr'>expressit</span> <span class='ocrx_word' id='word_1_203' title='bbox 1037 2915 1143 3003; x_wconf 86' lang='lat' dir='ltr'>Symp.</span> <span class='ocrx_word' id='word_1_204' title='bbox 1168 2917 1264 3001; x_wconf 81' lang='lat' dir='ltr'>vm,</span> <span class='ocrx_word' id='word_1_205' title='bbox 1286 2925 1320 3002; x_wconf 85' lang='lat'>3,</span> <span class='ocrx_word' id='word_1_206' title='bbox 1342 2927 1363 2990; x_wconf 82' lang='lat'><strong>2</strong></span> <span class='ocrx_word' id='word_1_207' title='bbox 1499 2968 1504 2981; x_wconf 85' lang='lat'>.</span> 
     </span>
    </p>
   </div>
   <div class='ocr_carea' id='block_1_4' title="bbox 234 3017 1455 4666">
    <p class='ocr_par' dir='ltr' id='par_1_5' title="bbox 234 3017 1366 3427">
     <span class='ocr_line' id='line_1_25' title="bbox 234 3017 1365 3112; baseline -0.001 -17"><span class='ocrx_word' id='word_1_208' title='bbox 234 3049 267 3111; x_wconf 92' lang='lat' dir='ltr'>p.</span> <span class='ocrx_word' id='word_1_209' title='bbox 290 3029 400 3105; x_wconf 76' lang='lat'><strong>7210,</strong></span> <span class='ocrx_word' id='word_1_210' title='bbox 427 3017 576 3112; x_wconf 76' lang='grc' dir='ltr'><em>εὔφωνος</em></span> <span class='ocrx_word' id='word_1_211' title='bbox 602 3022 638 3088; x_wconf 78' lang='grc' dir='ltr'>δὲ</span> <span class='ocrx_word' id='word_1_212' title='bbox 668 3022 725 3088; x_wconf 85' lang='grc' dir='ltr'>καί</span> <span class='ocrx_word' id='word_1_213' title='bbox 752 3019 856 3100; x_wconf 81' lang='grc' dir='ltr'><em>λάλος</em></span> <span class='ocrx_word' id='word_1_214' title='bbox 878 3017 897 3088; x_wconf 87' lang='grc' dir='ltr'><em>δ</em></span> <span class='ocrx_word' id='word_1_215' title='bbox 917 3022 1041 3103; x_wconf 85' lang='grc' dir='ltr'><em>χαλκὸς</em></span> <span class='ocrx_word' id='word_1_216' title='bbox 1062 3018 1083 3110; x_wconf 83' lang='grc' dir='ltr'>ἢ</span> <span class='ocrx_word' id='word_1_217' title='bbox 1106 3023 1289 3105; x_wconf 83' lang='grc' dir='ltr'><em>πολύκενος</em></span> <span class='ocrx_word' id='word_1_218' title='bbox 1307 3025 1365 3096; x_wconf 80' lang='grc' dir='ltr'>καί</span> 
     </span>
     <span class='ocr_line' id='line_1_26' title="bbox 237 3119 1365 3218; baseline -0.003 -21"><span class='ocrx_word' id='word_1_219' title='bbox 237 3126 340 3218; x_wconf 83' lang='grc' dir='ltr'><em>ὅγκον</em></span> <span class='ocrx_word' id='word_1_220' title='bbox 357 3125 503 3216; x_wconf 77' lang='grc' dir='ltr'><em>ἐλαφρὸς</em></span> <span class='ocrx_word' id='word_1_221' title='bbox 519 3123 575 3190; x_wconf 81' lang='grc' dir='ltr'>καί</span> <span class='ocrx_word' id='word_1_222' title='bbox 590 3123 723 3204; x_wconf 87' lang='grc' dir='ltr'><em>λεπτδς,</em></span> <span class='ocrx_word' id='word_1_223' title='bbox 746 3119 784 3188; x_wconf 81' lang='grc' dir='ltr'><em>οὗ</em></span> <span class='ocrx_word' id='word_1_224' title='bbox 803 3123 944 3202; x_wconf 83' lang='grc' dir='ltr'><em>πολλοῖς</em></span> <span class='ocrx_word' id='word_1_225' title='bbox 961 3124 1243 3208; x_wconf 65' lang='grc' dir='ltr'><em>συντεθλιμμένος</em></span> <span class='ocrx_word' id='word_1_226' title='bbox 1257 3124 1365 3194; x_wconf 75' lang='grc' dir='ltr'><em>ἐπαλ-</em></span> 
     </span>
     <span class='ocr_line' id='line_1_27' title="bbox 238 3220 1366 3325; baseline -0.004 -24"><span class='ocrx_word' id='word_1_227' title='bbox 238 3233 357 3325; x_wconf 83' lang='grc' dir='ltr'><em>λήλοις</em></span> <span class='ocrx_word' id='word_1_228' title='bbox 383 3228 548 3316; x_wconf 84' lang='grc' dir='ltr'><em>σώμασιν,</em></span> <span class='ocrx_word' id='word_1_229' title='bbox 581 3223 652 3294; x_wconf 78' lang='grc' dir='ltr'><em>ἀλλ’</em></span> <span class='ocrx_word' id='word_1_230' title='bbox 679 3220 836 3314; x_wconf 76' lang='grc' dir='ltr'><em>ἀφθονον</em></span> <span class='ocrx_word' id='word_1_231' title='bbox 863 3221 944 3307; x_wconf 69' lang='lat' dir='ltr'>digus</span> <span class='ocrx_word' id='word_1_232' title='bbox 966 3224 1005 3291; x_wconf 87' lang='grc' dir='ltr'>τδ</span> <span class='ocrx_word' id='word_1_233' title='bbox 1036 3228 1095 3313; x_wconf 80' lang='grc' dir='ltr'><em>τῆς</em></span> <span class='ocrx_word' id='word_1_234' title='bbox 1117 3224 1287 3307; x_wconf 83' lang='grc' dir='ltr'><em>ἐπιεικοῦς</em></span> <span class='ocrx_word' id='word_1_235' title='bbox 1308 3228 1366 3296; x_wconf 80' lang='grc' dir='ltr'>καί</span> 
     </span>
     <span class='ocr_line' id='line_1_28' title="bbox 238 3326 767 3427; baseline -0.021 -21"><span class='ocrx_word' id='word_1_236' title='bbox 238 3335 393 3427; x_wconf 82' lang='grc' dir='ltr'><em>ἀναφοῦς</em></span> <span class='ocrx_word' id='word_1_237' title='bbox 414 3332 616 3420; x_wconf 82' lang='grc' dir='ltr'><em>μεμιγμένον</em></span> <span class='ocrx_word' id='word_1_238' title='bbox 639 3326 767 3408; x_wconf 76' lang='grc' dir='ltr'><em>οὐσίας.</em></span> 
     </span>
    </p>

    <p class='ocr_par' dir='ltr' id='par_1_6' title="bbox 238 3428 1455 4666">
     <span class='ocr_line' id='line_1_29' title="bbox 329 3428 1366 3516; baseline -0.006 -10"><span class='ocrx_word' id='word_1_239' title='bbox 329 3438 392 3506; x_wconf 85' lang='lat' dir='ltr'>Sed</span> <span class='ocrx_word' id='word_1_240' title='bbox 413 3438 453 3503; x_wconf 90' lang='lat' dir='ltr'>de</span> <span class='ocrx_word' id='word_1_241' title='bbox 472 3435 578 3503; x_wconf 86' lang='lat' dir='ltr'>aeneis</span> <span class='ocrx_word' id='word_1_242' title='bbox 597 3434 681 3500; x_wconf 86' lang='lat' dir='ltr'>vasis</span> <span class='ocrx_word' id='word_1_243' title='bbox 709 3430 860 3516; x_wconf 88' lang='lat' dir='ltr'>quoniam</span> <span class='ocrx_word' id='word_1_244' title='bbox 880 3428 1074 3498; x_wconf 88' lang='lat' dir='ltr'>mentionem</span> <span class='ocrx_word' id='word_1_245' title='bbox 1093 3429 1274 3513; x_wconf 89' lang='lat' dir='ltr'>inieoimus‚</span> <span class='ocrx_word' id='word_1_246' title='bbox 1301 3452 1366 3501; x_wconf 91' lang='lat' dir='ltr'>non</span> 
     </span>
     <span class='ocr_line' id='line_1_30' title="bbox 238 3535 1366 3617; baseline -0.009 -3"><span class='ocrx_word' id='word_1_247' title='bbox 238 3547 380 3614; x_wconf 84' lang='lat' dir='ltr'>alienum</span> <span class='ocrx_word' id='word_1_248' title='bbox 408 3541 506 3608; x_wconf 85' lang='lat' dir='ltr'>fuerit</span> <span class='ocrx_word' id='word_1_249' title='bbox 533 3559 680 3617; x_wconf 87' lang='lat' dir='ltr'>monere,</span> <span class='ocrx_word' id='word_1_250' title='bbox 708 3536 844 3603; x_wconf 87' lang='lat' dir='ltr'>aliorum</span> <span class='ocrx_word' id='word_1_251' title='bbox 868 3555 1016 3602; x_wconf 87' lang='lat' dir='ltr'>vasorum</span> <span class='ocrx_word' id='word_1_252' title='bbox 1041 3554 1082 3600; x_wconf 88' lang='lat' dir='ltr'>ex</span> <span class='ocrx_word' id='word_1_253' title='bbox 1110 3555 1185 3602; x_wconf 90' lang='lat' dir='ltr'>cera</span> <span class='ocrx_word' id='word_1_254' title='bbox 1211 3535 1366 3604; x_wconf 85' lang='lat' dir='ltr'>laetorum</span> 
     </span>
     <span class='ocr_line' id='line_1_31' title="bbox 240 3639 1368 3727; baseline -0.004 -9"><span class='ocrx_word' id='word_1_255' title='bbox 240 3647 571 3720; x_wconf 84' lang='lat' dir='ltr'>commemorationem</span> <span class='ocrx_word' id='word_1_256' title='bbox 581 3642 667 3727; x_wconf 84' lang='lat' dir='ltr'>apud</span> <span class='ocrx_word' id='word_1_257' title='bbox 674 3639 950 3727; x_wconf 17' lang='lat' dir='ltr'>Plutarchum-vel</span> <span class='ocrx_word' id='word_1_258' title='bbox 959 3640 1139 3726; x_wconf 89' lang='lat' dir='ltr'>quicunque</span> <span class='ocrx_word' id='word_1_259' title='bbox 1148 3642 1368 3727; x_wconf 84' lang='lat' dir='ltr'>quaestionum</span> 
     </span>
     <span class='ocr_line' id='line_1_32' title="bbox 240 3745 1455 3830; baseline -0.008 -7"><span class='ocrx_word' id='word_1_260' title='bbox 240 3753 435 3824; x_wconf 80' lang='lat' dir='ltr'>natmnlium</span> <span class='ocrx_word' id='word_1_261' title='bbox 456 3755 567 3816; x_wconf 85' lang='lat' dir='ltr'>auctor</span> <span class='ocrx_word' id='word_1_262' title='bbox 588 3752 650 3826; x_wconf 90' lang='lat' dir='ltr'>est,</span> <span class='ocrx_word' id='word_1_263' title='bbox 669 3767 699 3830; x_wconf 92' lang='lat' dir='ltr'>p.</span> <span class='ocrx_word' id='word_1_264' title='bbox 723 3752 786 3814; x_wconf 85' lang='grc'>913</span> <span class='ocrx_word' id='word_1_265' title='bbox 801 3767 836 3826; x_wconf 90' lang='lat' dir='ltr'>c,</span> <span class='ocrx_word' id='word_1_266' title='bbox 857 3745 939 3812; x_wconf 85' lang='lat' dir='ltr'>adeo</span> <span class='ocrx_word' id='word_1_267' title='bbox 960 3747 1073 3812; x_wconf 86' lang='lat' dir='ltr'>contra</span> <span class='ocrx_word' id='word_1_268' title='bbox 1092 3745 1237 3828; x_wconf 84' lang='lat' dir='ltr'>ineptam</span> <span class='ocrx_word' id='word_1_269' title='bbox 1264 3748 1368 3816; x_wconf 77' lang='lat' dir='ltr'>videri</span> <span class='ocrx_word' id='word_1_270' title='bbox 1436 3797 1455 3824; x_wconf 86' lang='grc'><strong>.</strong></span> 
     </span>
     <span class='ocr_line' id='line_1_33' title="bbox 239 3843 1369 3943; baseline -0.005 -22"><span class='ocrx_word' id='word_1_271' title='bbox 239 3879 341 3943; x_wconf 87' lang='lat' dir='ltr'>posse,</span> <span class='ocrx_word' id='word_1_272' title='bbox 356 3859 393 3920; x_wconf 94' lang='lat' dir='ltr'>ut</span> <span class='ocrx_word' id='word_1_273' title='bbox 402 3853 505 3936; x_wconf 89' lang='lat' dir='ltr'>primo</span> <span class='ocrx_word' id='word_1_274' title='bbox 516 3849 668 3933; x_wconf 89' lang='lat' dir='ltr'>adspectu</span> <span class='ocrx_word' id='word_1_275' title='bbox 679 3846 792 3912; x_wconf 82' lang='lat' dir='ltr'>vitiata</span> <span class='ocrx_word' id='word_1_276' title='bbox 804 3845 875 3932; x_wconf 89' lang='lat' dir='ltr'>quis</span> <span class='ocrx_word' id='word_1_277' title='bbox 888 3843 1000 3912; x_wconf 84' lang='lat' dir='ltr'>credat</span> <span class='ocrx_word' id='word_1_278' title='bbox 1012 3844 1111 3912; x_wconf 82' lang='lat' dir='ltr'>verba</span> <span class='ocrx_word' id='word_1_279' title='bbox 1124 3844 1247 3912; x_wconf 82' lang='grc' dir='ltr'><em>πολλοὶ</em></span> <span class='ocrx_word' id='word_1_280' title='bbox 1263 3847 1369 3915; x_wconf 80' lang='grc' dir='ltr'><em>δὲκαὶ</em></span> 
     </span>
     <span class='ocr_line' id='line_1_34' title="bbox 241 3946 1368 4054; baseline -0.012 -22"><span class='ocrx_word' id='word_1_281' title='bbox 241 3960 437 4054; x_wconf 89' lang='grc' dir='ltr'><em>κηρίνοις</em></span> <span class='ocrx_word' id='word_1_282' title='bbox 464 3949 611 4044; x_wconf 89' lang='grc' dir='ltr'><em>ἀγγείοις</em></span> <span class='ocrx_word' id='word_1_283' title='bbox 633 3946 926 4048; x_wconf 81' lang='grc' dir='ltr'><em>ἀναλαμβάνουσιν</em></span> <span class='ocrx_word' id='word_1_284' title='bbox 948 3947 985 4016; x_wconf 76' lang='grc' dir='ltr'>ἐκ</span> <span class='ocrx_word' id='word_1_285' title='bbox 1004 3951 1063 4038; x_wconf 84' lang='grc' dir='ltr'><em>τῆς</em></span> <span class='ocrx_word' id='word_1_286' title='bbox 1083 3946 1257 4038; x_wconf 73' lang='grc' dir='ltr'><em>θαλάττης</em></span> <span class='ocrx_word' id='word_1_287' title='bbox 1276 3948 1368 4042; x_wconf 80' lang='grc' dir='ltr'><em>ὕδωρ</em></span> 
     </span>
     <span class='ocr_line' id='line_1_35' title="bbox 240 4047 1368 4156; baseline -0.009 -22"><span class='ocrx_word' id='word_1_288' title='bbox 240 4064 341 4156; x_wconf 87' lang='grc' dir='ltr'><em>γλυκδ</em></span> <span class='ocrx_word' id='word_1_289' title='bbox 360 4057 595 4151; x_wconf 72' lang='grc' dir='ltr'><em>διηθούμενον,</em></span> <span class='ocrx_word' id='word_1_290' title='bbox 620 4053 889 4146; x_wconf 87' lang='grc' dir='ltr'><em>ἀποκρινομένου</em></span> <span class='ocrx_word' id='word_1_291' title='bbox 910 4057 970 4122; x_wconf 82' lang='grc' dir='ltr'><em>τοῦ</em></span> <span class='ocrx_word' id='word_1_292' title='bbox 991 4047 1117 4121; x_wconf 71' lang='lat' dir='ltr'>divisori</span> <span class='ocrx_word' id='word_1_293' title='bbox 1137 4053 1195 4121; x_wconf 87' lang='grc' dir='ltr'>καί</span> <span class='ocrx_word' id='word_1_294' title='bbox 1211 4054 1368 4142; x_wconf 86' lang='grc' dir='ltr'><em>γεώδους.</em></span> 
     </span>
     <span class='ocr_line' id='line_1_36' title="bbox 241 4153 1368 4238; baseline -0.014 -2"><span class='ocrx_word' id='word_1_295' title='bbox 241 4171 285 4236; x_wconf 81' lang='lat' dir='ltr'>Et</span> <span class='ocrx_word' id='word_1_296' title='bbox 302 4174 411 4235; x_wconf 86' lang='lat' dir='ltr'>tamen</span> <span class='ocrx_word' id='word_1_297' title='bbox 431 4163 587 4230; x_wconf 89' lang='lat' dir='ltr'>librorum</span> <span class='ocrx_word' id='word_1_298' title='bbox 615 4159 786 4226; x_wconf 88' lang='lat' dir='ltr'>lectionem</span> <span class='ocrx_word' id='word_1_299' title='bbox 804 4161 908 4224; x_wconf 88' lang='lat' dir='ltr'>tutam</span> <span class='ocrx_word' id='word_1_300' title='bbox 928 4154 1194 4238; x_wconf 85' lang='lat' dir='ltr'>praestanthaeo</span> <span class='ocrx_word' id='word_1_301' title='bbox 1215 4153 1299 4219; x_wconf 90' lang='lat' dir='ltr'>Plini</span> <span class='ocrx_word' id='word_1_302' title='bbox 1322 4154 1368 4236; x_wconf 90' lang='lat' dir='ltr'>(si</span> 
     </span>
     <span class='ocr_line' id='line_1_37' title="bbox 242 4256 1369 4350; baseline -0.017 -9"><span class='ocrx_word' id='word_1_303' title='bbox 242 4275 302 4342; x_wconf 89' lang='lat' dir='ltr'>hoo</span> <span class='ocrx_word' id='word_1_304' title='bbox 321 4272 438 4336; x_wconf 84' lang='lat' dir='ltr'>harum</span> <span class='ocrx_word' id='word_1_305' title='bbox 467 4264 688 4350; x_wconf 80' lang='lat' dir='ltr'>quaestionum</span> <span class='ocrx_word' id='word_1_306' title='bbox 713 4281 806 4328; x_wconf 90' lang='lat' dir='ltr'>usum</span> <span class='ocrx_word' id='word_1_307' title='bbox 837 4280 905 4326; x_wconf 88' lang='lat' dir='ltr'>esse</span> <span class='ocrx_word' id='word_1_308' title='bbox 928 4261 1090 4324; x_wconf 82' lang='lat' dir='ltr'>auctorem</span> <span class='ocrx_word' id='word_1_309' title='bbox 1111 4256 1254 4324; x_wconf 88' lang='lat' dir='ltr'>conicere</span> <span class='ocrx_word' id='word_1_310' title='bbox 1281 4256 1369 4342; x_wconf 89' lang='lat' dir='ltr'>licet)</span> 
     </span>
     <span class='ocr_line' id='line_1_38' title="bbox 242 4359 1370 4459; baseline -0.015 -18"><span class='ocrx_word' id='word_1_311' title='bbox 242 4379 351 4459; x_wconf 82' lang='lat' dir='ltr'>aperte</span> <span class='ocrx_word' id='word_1_312' title='bbox 380 4371 538 4438; x_wconf 68' lang='lat' dir='ltr'>madentis</span> <span class='ocrx_word' id='word_1_313' title='bbox 565 4367 690 4447; x_wconf 81' lang='lat' dir='ltr'>XXXI,</span> <span class='ocrx_word' id='word_1_314' title='bbox 721 4371 756 4445; x_wconf 87' lang='grc'>6,</span> <span class='ocrx_word' id='word_1_315' title='bbox 784 4371 841 4432; x_wconf 84' lang='grc' dir='ltr'>7οι</span> <span class='ocrx_word' id='word_1_316' title='bbox 875 4363 953 4458; x_wconf 82' lang='lat' dir='ltr'>item</span> <span class='ocrx_word' id='word_1_317' title='bbox 981 4359 1135 4428; x_wconf 86' lang='lat' dir='ltr'>demissae</span> <span class='ocrx_word' id='word_1_318' title='bbox 1165 4360 1308 4427; x_wconf 87' lang='lat' dir='ltr'>reticulis</span> <span class='ocrx_word' id='word_1_319' title='bbox 1334 4361 1370 4425; x_wconf 93' lang='lat' dir='ltr'>in</span> 
     </span>
     <span class='ocr_line' id='line_1_39' title="bbox 243 4459 1370 4554; baseline -0.016 -9"><span class='ocrx_word' id='word_1_320' title='bbox 243 4499 330 4544; x_wconf 87' lang='lat' dir='ltr'>mare</span> <span class='ocrx_word' id='word_1_321' title='bbox 358 4495 513 4544; x_wconf 84' lang='lat' dir='ltr'>concavae</span> <span class='ocrx_word' id='word_1_322' title='bbox 535 4494 552 4540; x_wconf 88' lang='lat' dir='ltr'>e</span> <span class='ocrx_word' id='word_1_323' title='bbox 578 4493 652 4538; x_wconf 90' lang='lat' dir='ltr'>cera</span> <span class='ocrx_word' id='word_1_324' title='bbox 669 4459 754 4554; x_wconf 86' lang='lat' dir='ltr'>pilae</span> <span class='ocrx_word' id='word_1_325' title='bbox 781 4466 831 4534; x_wconf 83' lang='lat' dir='ltr'>vel</span> <span class='ocrx_word' id='word_1_326' title='bbox 851 4485 928 4532; x_wconf 83' lang='lat' dir='ltr'>vasa</span> <span class='ocrx_word' id='word_1_327' title='bbox 946 4463 1057 4530; x_wconf 88' lang='lat' dir='ltr'>inania</span> <span class='ocrx_word' id='word_1_328' title='bbox 1076 4467 1225 4546; x_wconf 87' lang='lat' dir='ltr'>opturata</span> <span class='ocrx_word' id='word_1_329' title='bbox 1245 4463 1370 4528; x_wconf 88' lang='lat' dir='ltr'>dulcem</span> 
     </span>
     <span class='ocr_line' id='line_1_40' title="bbox 243 4567 1370 4666; baseline -0.015 -16"><span class='ocrx_word' id='word_1_330' title='bbox 243 4583 330 4651; x_wconf 85' lang='lat' dir='ltr'>intra</span> <span class='ocrx_word' id='word_1_331' title='bbox 349 4603 383 4650; x_wconf 88' lang='lat' dir='ltr'>se</span> <span class='ocrx_word' id='word_1_332' title='bbox 405 4579 571 4666; x_wconf 80' lang='lat' dir='ltr'>conligunt</span> <span class='ocrx_word' id='word_1_333' title='bbox 591 4589 741 4656; x_wconf 80' lang='lat' dir='ltr'>umorem,</span> <span class='ocrx_word' id='word_1_334' title='bbox 762 4571 847 4640; x_wconf 93' lang='lat' dir='ltr'>unde</span> <span class='ocrx_word' id='word_1_335' title='bbox 867 4570 904 4638; x_wconf 92' lang='lat' dir='ltr'>in</span> <span class='ocrx_word' id='word_1_336' title='bbox 913 4568 1083 4654; x_wconf 88' lang='lat' dir='ltr'>propatulo</span> <span class='ocrx_word' id='word_1_337' title='bbox 1104 4573 1161 4651; x_wconf 86' lang='lat' dir='ltr'>est,</span> <span class='ocrx_word' id='word_1_338' title='bbox 1183 4567 1370 4654; x_wconf 84' lang='lat' dir='ltr'>scriptorem</span> 
     </span>
    </p>
   </div>
   <div class='ocr_carea' id='block_1_5' title="bbox 0 0 1782 5392">
    <p class='ocr_par' dir='ltr' id='par_1_7' title="bbox 0 0 1782 5392">
     <span class='ocr_line' id='line_1_41' title="bbox 0 0 1782 5392; baseline 0 0"><span class='ocrx_word' id='word_1_339' title='bbox 0 0 1782 5392; x_wconf 95' lang='lat' dir='ltr'> </span> 
     </span>
    </p>
   </div>
  </div>
 </body>
</html>
