3534 5392
743 487 957 552 ...69-

144 727 153 744 ι
264 641 378 724 capite
404 645 492 734 περὶ
511 649 573 712 τοῦ
594 645 681 728 τίνες
703 646 825 738 κυρίως
855 647 887 717 οἱ
918 651 1130 736 παλαμναῖον
1151 651 1229 720 Chii
1252 654 1330 736 VII,
1356 663 1414 726 123

264 741 370 810 etiam
393 744 588 813 Telchinum
609 750 804 816 mentionem
825 749 903 818 fecit
924 751 974 818 his
995 751 1100 818 verbis

385 850 546 932 Τελχῖνες
567 844 652 940 ἦσαν
675 852 714 941 δή
737 877 824 932 τινες
847 857 911 920 τῶν
933 857 1111 944 φθονερῶν
1135 852 1305 940 δαιμόνων

379 1045 483 1124 οὗτοι
505 1057 623 1144 στυχὸς
644 1061 690 1146 τῷ
711 1055 808 1125 ὕδατι
829 1057 1000 1150 ῥαίνοντες
1019 1061 1077 1146 γῆν
1098 1052 1273 1148 η’κάρπσυν

257 1158 293 1218 et
312 1153 476 1222 Eustath.
497 1177 528 1240 p.
546 1163 616 1236 771,
633 1163 672 1226 55
696 1157 743 1222 ed.
758 1159 856 1238 Rom,
878 1159 967 1224 cuius
988 1159 1089 1226 menti
1110 1181 1175 1226 nou
1197 1159 1309 1227 dubito
1330 1162 1408 1249 quin

255 1260 349 1326 idem
368 1261 544 1328 Strabonis
558 1262 644 1329 locus
662 1265 795 1331 obscure
810 1267 994 1332 obversatus
1012 1265 1116 1344 fuerit,
1137 1266 1205 1348 ipse
1221 1265 1352 1330 Nonnns
1371 1266 1407 1330 in

258 1359 342 1438 loco,
368 1384 475 1446 quem
488 1385 585 1446 supra
599 1364 757 1431 Lobeckio
780 1370 909 1432 auctore
925 1364 1087 1449 adscripsi,
1113 1372 1297 1432 constanter
1319 1372 1409 1433 tenet

257 1461 404 1527 verbum
432 1460 562 1553 ῥαίνειν
593 1464 644 1530 rel
671 1462 916 1554 περιρραίνειν,
947 1472 983 1530 ut
1004 1466 1101 1532 etiam
1127 1467 1213 1550 apud
1233 1467 1408 1534 Zenobium

182 1561 190 1574 '
259 1563 354 1630 Ceut.
378 1565 430 1643 V,
452 1572 490 1632 41
514 1587 544 1648 p.
570 1572 644 1646 137,
666 1568 720 1650 qui
742 1566 827 1634 idem
850 1567 1036 1634 Telchinum
1057 1567 1185 1647 sasinus,
1212 1569 1298 1634 virus
1317 1590 1406 1634 acer-

257 1662 383 1729 bitatis
408 1663 446 1728 in
465 1686 558 1750 agros
579 1665 815 1744 effundentium,
836 1667 883 1733 ita
897 1669 988 1734 nobis
1009 1673 1084 1735 ante
1098 1669 1205 1734 oeulos
1224 1671 1316 1753 ponit
1327 1662 1404 1738 aida

257 1765 412 1850 Σίμωνα
430 1768 486 1834 καί
501 1766 613 1852 Σίμων
627 1768 701 1852 έμέ·
729 1768 892 1852 Τελχίνων
909 1769 1009 1859 φύσει
1024 1769 1200 1856 βασκάνων
1215 1765 1328 1839 ίίντων·
1348 1772 1409 1839 καὶ

258 1869 327 1960 γὰρ
353 1875 407 1960 τῷ
429 1874 486 1958 τῆς
506 1872 624 1958 στυγύς
649 1869 748 1938 {idam
770 1871 829 1959 τὴν
848 1873 906 1959 γῆν
933 1873 1252 1962 καταρρέοντες
1279 1868 1407 1961 ἆρνόν

262 1974 432 2058 ἐποίουν,
462 1976 637 2044 rectissimo
664 1975 704 2042 ab
727 1975 837 2042 eodem
859 1975 1017 2041 Lobeckio
1039 1973 1241 2041 emendatum
1261 1973 1406 2040 rideatur

261 2078 651 2170 καταρραίνοντες
687 2072 889 2168 ύίκαρπον
926 2075 1079 2158 ἐποίουν,
1117 2100 1309 2162 quamquam
1345 2097 1404 2160 pro

263 2177 433 2274 ύίκαρπον
460 2185 574 2254 rehem
596 2183 772 2266 scripsisset
800 2177 852 2270 ἀρ
867 2178 954 2270 μέν.
999 2183 1143 2266 Denique
1164 2181 1341 2247 Meinekius
1369 2182 1403 2246 in

262 2293 431 2373 proximis
452 2314 511 2375 pro
531 2288 621 2377 ζῴων
634 2290 741 2373 posuit
762 2289 868 2380 ῥιζῶν,
893 2290 982 2355 cuius
999 2288 1185 2355 mutationis
1197 2309 1324 2354 causam
1345 2309 1404 2374 ego

261 2394 362 2461 video
379 2395 510 2461 nullam.
539 2393 578 2459 In
593 2395 761 2477 propatulo
777 2399 825 2461 est
839 2395 938 2473 enim,
960 2394 1041 2459 nihil
1055 2393 1214 2459 efficacius
1231 2393 1295 2458 dici
1311 2413 1404 2476 posse

263 2497 308 2562 ad
331 2497 594 2582 persuadendum
622 2519 717 2583 quam
746 2497 925 2579 perniciosa
949 2496 1046 2562 fuerit
1076 2496 1171 2582 stygii
1195 2496 1328 2581 liquoris
1346 2498 1400 2564 ad·

264 2625 399 2690 spargo,
413 2591 508 2687 quam
523 2603 550 2668 si
564 2602 644 2668 adeo
656 2603 783 2686 plenam
796 2602 870 2667 iude
885 2607 1084 2684 procreatam
1095 2601 1189 2666 fuisse
1205 2602 1404 2686 geographus

264 2710 359 2777 dicat
377 2709 558 2793 perniciem,
574 2714 610 2773 ut
625 2705 775 2792 quicquid
790 2704 864 2770 inde
877 2709 1034 2789 gustasset
1047 2703 1333 2786 praeterhomines,
1347 2705 1402 2786 qui

263 2815 347 2880 victi
372 2814 518 2898 pulsique
539 2819 618 2878 tanta
629 2812 791 2892 fruaiuam
815 2813 1042 2893 animaliumque
1062 2814 1116 2894 qai
1134 2811 1201 2873 iada
1224 2815 1403 2874 vescerentur

267 2918 438 2979 calamitate
457 2913 489 2976 in
507 2911 626 2977 alienas
641 2910 786 2994 regiones
800 2931 832 2976 se
847 2913 1043 2992 receperunt,
1062 2908 1189 2992 penitus
1203 2909 1359 2975 interiret.

357 3012 418 3078 His
431 3012 478 3076 ita
490 3011 639 3094 perfectis
660 3009 702 3076 ad
716 3011 920 3075 Plutarchum
942 3010 1045 3077 redeo.
1078 3011 1182 3096 Supra
1202 3013 1402 3079 observatum

266 3122 317 3182 est
350 3118 380 3182 si
407 3115 535 3200 quando
563 3115 650 3180 locus
678 3113 763 3196 apud
792 3114 997 3179 Plutarchum
1024 3115 1075 3180 rel
1106 3115 1196 3180 nulla
1226 3117 1401 3182 sententiae

266 3220 344 3288 labe
360 3218 557 3302 corruptelae
575 3222 728 3302 arguatur
748 3217 798 3282 vel
814 3216 940 3301 quando
961 3218 1076 3282 vitiosa
1089 3219 1232 3283 codicum
1245 3221 1403 3302 scriptura

267 3327 349 3390 satis
376 3323 587 3408 probabiliter
616 3323 656 3388 ab
684 3323 859 3388 editoribus
888 3322 1021 3407 aliisque
1051 3322 1222 3389 emendata
1247 3325 1401 3396 rideatur,

269 3427 428 3493 vocalium
459 3430 566 3492 tamen
585 3445 771 3490 concursum
792 3424 986 3489 tutissimum
1006 3446 1073 3491 esse
1103 3424 1266 3509 gliscentis
1295 3424 1399 3489 adhuc

267 3534 341 3599 vitii
377 3531 537 3598 indicium.
590 3530 684 3596 Cuius
711 3531 890 3616 argumenti
926 3552 988 3615 quo
1016 3531 1142 3616 gravius
1171 3552 1238 3596 esse
1276 3529 1400 3612 pondus

269 3636 492 3721 intellegatur,
521 3634 659 3714 duobuS,
689 3657 760 3701 cum
779 3636 898 3719 possim
917 3636 1076 3720 pluribus,
1096 3637 1248 3720 exemplis
1270 3634 1397 3702 demon-

271 3741 389 3806 strabo.
439 3739 490 3805 Ita
517 3745 603 3806 recte
634 3739 746 3804 vitium
776 3740 903 3806 subesse
932 3745 1160 3822 perspexerunt
1194 3739 1331 3806 editores
1364 3741 1398 3804 in

271 3843 377 3930 Symp.
390 3843 445 3923 VI,
461 3849 488 3922 4,
509 3851 523 3912 1
547 3863 577 3926 p.
590 3849 652 3910 690
661 3865 685 3921 o,
707 3843 762 3908 ubi
778 3844 966 3910 Plutarchus
987 3844 1212 3927 disputaturus,
1236 3867 1293 3910 eur
1314 3866 1399 3930 aqua

272 3969 288 4012 e
313 3951 409 4029 puteo
431 3945 558 4026 hausta,
580 3945 679 4028 siras
701 3965 764 4028 quo
786 3946 966 4012 continetur
987 3947 1109 4029 inipso
1129 3947 1218 4030 putei
1247 3951 1320 4012 aere
1341 3969 1400 4029 per

272 4055 397 4116 noctem
413 4048 628 4131 suspendatur,
644 4047 790 4134 frigidior
805 4049 862 4114 fiat
876 4072 972 4134 quam
986 4073 1096 4117 recens
1108 4051 1229 4129 hausta,
1245 4050 1306 4115 hoc
1320 4049 1400 4116 dicit

272 4155 339 4220 πᾶν
369 4150 459 4242 ὕδωρ
490 4151 754 4241 προθερμανθέν
784 4151 927 4242 ψύχεται
956 4155 1098 4237 μᾶλλον,
1130 4150 1245 4241 ιύσπερ
1267 4153 1306 4219 τύ
1327 4160 1398 4234 τοῖς

271 4253 445 4334 βασιλεύοι
475 4247 825 4341 παρασκευαζόμενον,
859 4249 961 4319 ὅταν
991 4249 1111 4343 ἑψηθῇ
1138 4253 1235 4341 μέχρι
1268 4252 1397 4332 ζέσεως,

274 4353 535 4447 περισωρεύουσι
558 4359 606 4446 τῷ
625 4350 746 4445 ύχχείῳ
767 4354 862 4439 χιόνα
886 4359 1023 4446 πολλὴν,
1045 4359 1102 4424 καὶ
1124 4356 1250 4445 γίνεται
1269 4356 1397 4447 ψυχρό-

271 4483 385 4551 τερον·
416 4455 531 4552 ὥσπερ
561 4455 678 4546 ἀμέλει
704 4461 761 4529 καὶ
781 4461 824 4527 τὰ
846 4457 993 4550 ἡμέτερα
1015 4458 1154 4547 σώματα
1184 4463 1398 4545 λουσαμένων

273 4563 495 4659 περιψύχεται
517 4568 658 4651 μᾶλλον·
679 4563 698 4658 ἦ
720 4567 781 4664 χάρ
802 4561 870 4636 ὑπὸ
893 4571 950 4655 τῆς
967 4564 1178 4660 θερμότητος
1200 4562 1310 4647 ύίνεσις
1333 4591 1397 4634 πο-
