3534 5392
809 433 1023 514 ..sup-.-

356 591 519 665 numm
546 590 733 674 adpellatio,
760 612 954 676 quamquam
981 613 1002 658 a
1028 591 1115 660 nullo
1141 591 1205 660 alio
1233 597 1388 679 quantum
1416 593 1481 665 scio

357 692 511 778 scriptore
531 690 722 778 significata,
744 713 781 758 eo
802 712 927 781 quoque
948 689 1093 758 uideatur
1114 691 1345 776 quodammodo
1367 691 1479 760 confir·

354 795 455 875 mari,
486 796 572 880 quod
599 795 686 880 apud
712 794 862 863 Ovidium
889 795 964 862 Met.
988 795 1025 874 V,
1049 801 1111 864 269
1139 797 1248 864 Musae
1278 797 1482 865 nominantur

343 900 432 980 filice
444 902 651 979 anmoins,
676 899 761 985 quod
779 901 1043 984 metronymicum
1056 899 1223 969 videbatur
1238 901 1396 970 Lobeokio
1418 902 1438 967 l.
1453 902 1482 980 l,

354 1005 535 1075 derivatum
555 1027 576 1071 a
597 1004 748 1094 Μιημώ,
773 1011 876 1072 matre
898 1007 1071 1086 Musarum,
1094 1007 1149 1072 illo
1170 1009 1297 1076 nomine
1319 1007 1479 1092 adpellata

358 1109 400 1176 ab
421 1109 561 1192 Orpheo,
589 1113 672 1176 teste
693 1107 918 1195 Olympiodoro
946 1111 987 1176 ad
1019 1110 1139 1176 Phileb.
1161 1132 1210 1193 ap.
1233 1109 1343 1178 Stallb.
1366 1131 1397 1194 p.
1419 1112 1480 1178 278

320 1300 323 1303 Ι
357 1214 442 1309 aliis,
463 1214 549 1300 quod
570 1235 687 1283 nomen
706 1215 865 1283 recentior
886 1215 1069 1300 mythorum
1090 1215 1212 1284 fabrica
1233 1216 1376 1282 consulto
1392 1214 1479 1280 adul-

357 1325 477 1394 terasse
498 1321 624 1388 ridetru
643 1322 680 1388 in
701 1316 840 1408 Μιήμη.
891 1321 942 1388 Ad
964 1321 1100 1388 similem
1128 1323 1285 1390 rationem
1304 1321 1391 1404 apud
1415 1320 1479 1404 Hy·

356 1429 467 1516 ginum
487 1451 518 1512 p.
543 1435 581 1497 13
603 1429 652 1496 ed
675 1427 759 1496 Stav.
788 1429 898 1498 Musae
919 1428 1053 1496 audiunt
1075 1428 1157 1496 loris
1179 1435 1212 1496 et
1240 1432 1370 1506 Monetae
1390 1427 1482 1502 filias,

356 1557 453 1620 quam
476 1538 622 1602 Monetam
642 1535 776 1604 eandem
798 1557 866 1602 esse
889 1557 927 1602 ac
949 1537 1152 1625 ltlnemosyoen
1176 1534 1384 1602 disertissimo
1413 1533 1482 1600 Livi

357 1633 532 1704 Andronici
546 1655 596 1716 ap.
606 1634 702 1702 Prisc
714 1654 744 1717 p.
756 1639 817 1700 221
829 1634 868 1700 K.
882 1635 1040 1702 evincitur
1052 1636 1241 1702 testimonio.
1285 1636 1482 1720 Quamquam

359 1748 469 1807 rursus
480 1739 538 1804 uni
555 1739 653 1804 trium
667 1738 837 1815 Musarum,
850 1759 986 1822 quarum
1000 1739 1120 1804 cultum
1134 1739 1265 1806 Aloidae
1279 1739 1314 1803 in
1329 1739 1481 1806 Helicone

357 1845 577 1921 instimerunt,
606 1843 755 1913 Mnemon
776 1863 892 1910 nornen
913 1842 1050 1910 inditum
1071 1843 1167 1910 iuuisse
1189 1847 1299 1910 auctor
1323 1847 1373 1910 est
1393 1843 1482 1908 Paua.

359 1949 420 2028 IX,
439 1935 534 2029 2912.
578 1947 642 2016 Sed
658 1949 737 2015 haec
752 1949 913 2031 conpilare
928 1948 1011 2014 nihil
1025 1967 1103 2030 opus
1118 1953 1178 2026 est,
1201 1969 1273 2014 oum
1286 1949 1482 2031 praesertim,

355 2055 508 2140 quiequid
539 2060 706 2138 praeterea
735 2054 798 2120 dici
822 2055 940 2137 potuit,
970 2055 1176 2120 subtilissima
1206 2053 1346 2120 Lobecki
1377 2053 1481 2136 dispu-

358 2157 479 2232 tatione
499 2163 688 2240 occupatum
708 2156 848 2224 uideam.
900 2155 951 2220 Ita
971 2156 1053 2220 nihil
1074 2156 1214 2238 profecto
1240 2155 1377 2239 inpedit,
1405 2176 1481 2240 quo-

357 2262 462 2335 minus
489 2261 539 2333 uel
567 2259 788 2326 deficientibus
816 2259 1006 2326 testimoniis
1027 2259 1140 2332 Musas¹
1159 2260 1293 2326 Μνειῶν
1315 2258 1484 2326 nominee

358 2359 549 2444 quibusdam
566 2359 709 2438 Graecis,
730 2358 810 2426 alias
832 2358 927 2441 aliter
947 2359 981 2426 in
1000 2358 1116 2426 fabulis
1136 2358 1292 2444 fingendis
1314 2357 1479 2445 diffingeu·

358 2465 471 2551 disque
497 2466 743 2543 hariolantibus,
771 2466 921 2550 insigniri
944 2469 1084 2552 potuisse
1107 2467 1261 2549 opineris,
1285 2466 1479 2552 quandoqui-

359 2565 432 2634 dem
446 2566 588 2635 eiusdcm
608 2567 670 2646 rei,
692 2566 720 2632 si
741 2587 806 2631 nou
826 2571 1049 2651 argumentum
1070 2566 1167 2649 plane
1189 2570 1323 2647 certum,
1346 2563 1380 2637 at
1400 2567 1479 2636 iudi-

356 2669 442 2748 oinm
464 2670 619 2739 habemus
642 2669 677 2739 ni
700 2669 793 2739 fallor
808 2669 895 2736 haud
917 2669 1130 2754 spernendum
1153 2668 1247 2752 illud,
1268 2670 1352 2755 quod
1376 2671 1482 2739 Musas

357 2773 533 2856 reperimus
546 2772 688 2838 invocari
704 2771 895 2856 aliquotiens
911 2771 996 2856 apud
1003 2771 1190 2850 Homerum,
1207 2771 1324 2855 quippe
1340 2771 1483 2846 sollertes

357 2873 527 2952 murenae
549 2872 768 2949 admuistras,
796 2892 878 2955 quae
899 2871 987 2940 nulla
1008 2876 1091 2940 esset

481 2975 513 3057 sl
534 2976 580 3064 μὴ
604 2971 829 3059 Ὀλυμπιάδες
848 2977 982 3058 μοῦσαι,
1006 2975 1088 3056 Διὸς
1110 2973 1274 3062 α’νγιόχοιο

241 3165 244 3175 ,
480 3081 677 3168 θυγατέρες,
700 3073 931 3166 μνησαίαθ’
955 3075 1031 3146 ὅσοι
1052 3074 1119 3146 dard
1134 3071 1237 3146 Ἴλιον
1258 3071 1365 3167 ἦλθον

357 3189 397 3270 (Β
418 3194 479 3261 rat
504 3187 573 3275 sup).
610 3185 705 3266 'Quae
725 3205 799 3258 cum
827 3184 874 3253 ita
898 3182 977 3262 sint,
1009 3205 1073 3250 non
1099 3182 1225 3250 videtur
1250 3183 1480 3270 ambigendum,

353 3294 434 3380 quin
448 3294 484 3363 in
498 3293 656 3376 corruptis
669 3290 830 3358 vocabulis
847 3285 962 3377 ὥσπερ
979 3287 1013 3354 ἐν
1030 3285 1109 3376 λείῳ
1127 3289 1228 3356 lateat
1242 3288 1374 3373 aliquid,
1397 3288 1482 3374 quod

354 3421 420 3485 quc
450 3400 520 3466 iure
553 3402 640 3467 tatus
670 3396 835 3467 Musamum
864 3395 978 3460 chorus
1008 3397 1137 3460 Μνεῖαι
1166 3394 1404 3480 cognominatus
1432 3395 1482 3462 vel

355 3501 450 3576 unius
468 3498 651 3583 Polymniae
672 3517 788 3562 nomen
809 3495 851 3567 ad
870 3517 979 3565 omnes
999 3495 1136 3564 relatum
1157 3497 1266 3576 tuerit,
1293 3519 1353 3584 per
1375 3504 1478 3570 naus-

353 3603 507 3677 lationem
526 3600 667 3684 aliquam
688 3598 825 3679 indicet,
850 3597 947 3683 idque
966 3598 1131 3694 Blatonioa
1149 3600 1320 3668 locutione:
1342 3595 1479 3692 ὥσπερ

357 3701 401 3780 ἓν
421 3707 594 3781 τέλειοι
616 3704 685 3790 (cir.
707 3703 884 3772 Parmenid.
906 3723 936 3786 p.
959 3695 1037 3774 157e
1062 3702 1098 3784 ἐξ
1119 3699 1275 3772 ἁπάντων
1299 3700 1333 3772 ἓν
1354 3705 1481 3776 τέλειοι

218 3885 223 3894 ,
358 3804 512 3895 γεγονός)
533 3827 715 3890 expressum
735 3805 831 3883 trisse
852 3809 944 3888 puto,
972 3804 1111 3888 quod-et
1133 3805 1313 3877 litterarum
1333 3828 1481 3892 magnam

356 3936 428 3980 cum
455 3914 511 3979 illo
539 3914 640 3980 altero
667 3912 908 3979 similitudinem
943 3913 1041 3979 habet
1070 3919 1102 3979 et
1131 3936 1167 3980 eo
1202 3936 1327 3999 quoque
1355 3915 1482 3986 ridetur

353 4017 584 4102 quodammodo
605 4022 710 4090 tutum
729 4017 902 4100 praestari,
925 4017 1009 4102 quod
1029 4018 1218 4091 Plutarchus
1239 4019 1401 4090 Musarum
1422 4041 1478 4085 nu-

353 4126 434 4192 meri
452 4125 748 4208 interpretationem
766 4124 874 4206 paullo
890 4124 975 4190 infre
996 4125 1139 4191 stabilire
1153 4130 1286 4192 conatur
1305 4125 1477 4192 subtiliori·

351 4227 412 4293 bus
425 4226 617 4311 quibusdem
634 4226 674 4291 de
690 4247 894 4291 numerorum
912 4226 1133 4292 convenientia
1149 4225 1426 4305 conclusiuncuIiS,
1445 4227 1480 4291 in

353 4331 467 4419 quibus
488 4330 641 4397 rimandis
663 4331 921 4416 explicandisque
935 4335 1057 4396 veteres
1078 4329 1303 4416 mythographi
1326 4339 1358 4396 et
1378 4332 1477 4397 omni÷

352 4461 406 4514 um
431 4439 567 4512 maxime
598 4438 726 4515 Tzetzes
752 4437 885 4504 mirifice
916 4439 977 4504 sibi
1005 4436 1194 4522 placuerunt
1215 4435 1283 4523 (cfr.
1308 4435 1415 4502 Osann
1438 4435 1478 4502 ed

354 4543 528 4612 Cornutum
540 4561 570 4624 p.
583 4529 625 4610 44
636 4542 728 4628 sqq.).
770 4539 1041 4620 Quemadmodum
1053 4540 1085 4606 in
1101 4540 1170 4606 loco
1185 4539 1330 4640 inprimis
1346 4539 1481 4617 notabili
