<?xml version="1.0" encoding="UTF-8"?>
<!DOCTYPE html PUBLIC "-//W3C//DTD XHTML 1.0 Transitional//EN"
    "http://www.w3.org/TR/xhtml1/DTD/xhtml1-transitional.dtd">
<html xmlns="http://www.w3.org/1999/xhtml" xml:lang="en" lang="en">
 <head>
  <title>
</title>
<meta http-equiv="Content-Type" content="text/html;charset=utf-8" />
  <meta name='ocr-system' content='tesseract 3.04.00' />
  <meta name='ocr-capabilities' content='ocr_page ocr_carea ocr_par ocr_line ocrx_word'/>
</head>
<body>
  <div class='ocr_page' id='page_1' title='image "./vindiciarumplut01doehgoog_0082.png"; bbox 0 0 3534 5392; ppageno 0'>
   <div class='ocr_carea' id='block_1_1' title="bbox 846 501 1061 562">
    <p class='ocr_par' dir='ltr' id='par_1_1' title="bbox 846 501 1061 562">
     <span class='ocr_line' id='line_1_1' title="bbox 846 501 1061 562; baseline 0.009 -18"><span class='ocrx_word' id='word_1_1' title='bbox 846 501 1061 562; x_wconf 76' lang='grc'>...74-</span> 
     </span>
    </p>
   </div>
   <div class='ocr_carea' id='block_1_2' title="bbox 380 647 1550 4703">
    <p class='ocr_par' dir='ltr' id='par_1_2' title="bbox 380 647 1550 4703">
     <span class='ocr_line' id='line_1_2' title="bbox 382 647 1514 748; baseline 0.004 -27"><span class='ocrx_word' id='word_1_2' title='bbox 382 647 467 736; x_wconf 76' lang='grc' dir='ltr'><strong><em>ὖπό,</em></strong></span> <span class='ocrx_word' id='word_1_3' title='bbox 498 653 584 726; x_wconf 77' lang='grc' dir='ltr'><em>ἀλλὰ</em></span> <span class='ocrx_word' id='word_1_4' title='bbox 610 655 703 748; x_wconf 79' lang='grc' dir='ltr'><em>ἡμεῖς</em></span> <span class='ocrx_word' id='word_1_5' title='bbox 727 661 835 748; x_wconf 85' lang='lat' dir='ltr'><strong>Symp.</strong></span> <span class='ocrx_word' id='word_1_6' title='bbox 861 663 925 742; x_wconf 81' lang='lat' dir='ltr'><strong>lx,</strong></span> <span class='ocrx_word' id='word_1_7' title='bbox 954 670 974 733; x_wconf 88' lang='grc'><strong>6</strong></span> <span class='ocrx_word' id='word_1_8' title='bbox 1002 685 1033 747; x_wconf 88' lang='lat' dir='ltr'><strong>p.</strong></span> <span class='ocrx_word' id='word_1_9' title='bbox 1060 663 1168 742; x_wconf 90' lang='grc'>7416,</span> <span class='ocrx_word' id='word_1_10' title='bbox 1197 668 1234 727; x_wconf 89' lang='grc'><strong>61</strong></span> <span class='ocrx_word' id='word_1_11' title='bbox 1258 662 1377 747; x_wconf 86' lang='lat' dir='ltr'><strong>legitur</strong></span> <span class='ocrx_word' id='word_1_12' title='bbox 1396 661 1431 725; x_wconf 93' lang='lat' dir='ltr'><strong>in</strong></span> <span class='ocrx_word' id='word_1_13' title='bbox 1451 659 1514 726; x_wconf 91' lang='lat' dir='ltr'><strong>lib.</strong></span> 
     </span>
     <span class='ocr_line' id='line_1_3' title="bbox 382 759 1519 857; baseline 0 -29"><span class='ocrx_word' id='word_1_14' title='bbox 382 759 534 844; x_wconf 87' lang='lat' dir='ltr'><strong>Vindob.‚</strong></span> <span class='ocrx_word' id='word_1_15' title='bbox 563 761 654 851; x_wconf 78' lang='grc' dir='ltr'><strong><em>μάλα</em></strong></span> <span class='ocrx_word' id='word_1_16' title='bbox 682 764 815 848; x_wconf 75' lang='grc' dir='ltr'><strong><em>ἱκανῶς,</em></strong></span> <span class='ocrx_word' id='word_1_17' title='bbox 846 766 932 836; x_wconf 78' lang='grc' dir='ltr'><strong><em>ἀλλὰ</em></strong></span> <span class='ocrx_word' id='word_1_18' title='bbox 958 767 1091 857; x_wconf 75' lang='grc' dir='ltr'><strong><em>ὥσπερ,</em></strong></span> <span class='ocrx_word' id='word_1_19' title='bbox 1120 761 1193 834; x_wconf 82' lang='grc' dir='ltr'><strong><em>εἶτα</em></strong></span> <span class='ocrx_word' id='word_1_20' title='bbox 1217 765 1335 846; x_wconf 72' lang='grc' dir='ltr'><strong><em>οἱονεί,</em></strong></span> <span class='ocrx_word' id='word_1_21' title='bbox 1358 765 1410 831; x_wconf 83' lang='lat' dir='ltr'><strong>vel</strong></span> <span class='ocrx_word' id='word_1_22' title='bbox 1429 763 1519 849; x_wconf 89' lang='lat' dir='ltr'><strong>quod</strong></span> 
     </span>
     <span class='ocr_line' id='line_1_4' title="bbox 383 863 1520 954; baseline -0.001 -22"><span class='ocrx_word' id='word_1_23' title='bbox 383 867 511 951; x_wconf 84' lang='lat' dir='ltr'><strong>signum</strong></span> <span class='ocrx_word' id='word_1_24' title='bbox 541 869 680 936; x_wconf 90' lang='lat' dir='ltr'><strong>elisionis</strong></span> <span class='ocrx_word' id='word_1_25' title='bbox 702 872 917 938; x_wconf 79' lang='lat' dir='ltr'><strong>concesserint</strong></span> <span class='ocrx_word' id='word_1_26' title='bbox 943 871 1041 938; x_wconf 85' lang='lat' dir='ltr'><strong>veluti</strong></span> <span class='ocrx_word' id='word_1_27' title='bbox 1062 871 1098 936; x_wconf 92' lang='lat' dir='ltr'><strong>in</strong></span> <span class='ocrx_word' id='word_1_28' title='bbox 1127 863 1185 936; x_wconf 75' lang='grc' dir='ltr'><strong>ὑπ’</strong></span> <span class='ocrx_word' id='word_1_29' title='bbox 1209 865 1426 954; x_wconf 74' lang='grc' dir='ltr'><strong><em>Αἰγυπτίων,</em></strong></span> <span class='ocrx_word' id='word_1_30' title='bbox 1450 888 1520 932; x_wconf 87' lang='grc'><strong>666</strong></span> 
     </span>
     <span class='ocr_line' id='line_1_5' title="bbox 382 969 1519 1064; baseline 0 -27"><span class='ocrx_word' id='word_1_31' title='bbox 382 974 594 1039; x_wconf 80' lang='lat' dir='ltr'>concesserint</span> <span class='ocrx_word' id='word_1_32' title='bbox 621 975 655 1038; x_wconf 95' lang='lat' dir='ltr'><strong>in</strong></span> <span class='ocrx_word' id='word_1_33' title='bbox 682 969 749 1042; x_wconf 80' lang='grc' dir='ltr'><strong>όπδ</strong></span> <span class='ocrx_word' id='word_1_34' title='bbox 780 971 908 1064; x_wconf 76' lang='grc' dir='ltr'><strong><em>ἡδονῆς</em></strong></span> <span class='ocrx_word' id='word_1_35' title='bbox 933 975 1038 1062; x_wconf 81' lang='lat' dir='ltr'><strong>Symp.</strong></span> <span class='ocrx_word' id='word_1_36' title='bbox 1067 996 1098 1058; x_wconf 89' lang='lat' dir='ltr'><strong>p.</strong></span> <span class='ocrx_word' id='word_1_37' title='bbox 1129 974 1240 1052; x_wconf 80' lang='grc'>6656,</span> <span class='ocrx_word' id='word_1_38' title='bbox 1270 973 1371 1038; x_wconf 84' lang='lat' dir='ltr'><strong>multo</strong></span> <span class='ocrx_word' id='word_1_39' title='bbox 1398 977 1519 1050; x_wconf 87' lang='lat' dir='ltr'><strong>tamen,</strong></span> 
     </span>
     <span class='ocr_line' id='line_1_6' title="bbox 382 1077 1517 1164; baseline 0 -22"><span class='ocrx_word' id='word_1_40' title='bbox 382 1077 488 1143; x_wconf 88' lang='lat' dir='ltr'><strong>nescio</strong></span> <span class='ocrx_word' id='word_1_41' title='bbox 523 1078 726 1144; x_wconf 81' lang='lat' dir='ltr'>librariorum</span> <span class='ocrx_word' id='word_1_42' title='bbox 754 1102 796 1145; x_wconf 92' lang='lat' dir='ltr'><strong>an</strong></span> <span class='ocrx_word' id='word_1_43' title='bbox 831 1081 996 1164; x_wconf 85' lang='lat' dir='ltr'><strong>scriptoris</strong></span> <span class='ocrx_word' id='word_1_44' title='bbox 1022 1080 1129 1162; x_wconf 87' lang='lat' dir='ltr'><strong>culpa,</strong></span> <span class='ocrx_word' id='word_1_45' title='bbox 1165 1077 1429 1160; x_wconf 81' lang='lat' dir='ltr'><strong>exasperantibus</strong></span> <span class='ocrx_word' id='word_1_46' title='bbox 1456 1077 1517 1142; x_wconf 92' lang='lat' dir='ltr'><strong>eli-</strong></span> 
     </span>
     <span class='ocr_line' id='line_1_7' title="bbox 385 1179 1519 1268; baseline 0.001 -25"><span class='ocrx_word' id='word_1_47' title='bbox 385 1179 482 1246; x_wconf 91' lang='lat' dir='ltr'><strong>sionis</strong></span> <span class='ocrx_word' id='word_1_48' title='bbox 511 1182 670 1266; x_wconf 85' lang='lat' dir='ltr'><strong>exemplis.</strong></span> <span class='ocrx_word' id='word_1_49' title='bbox 721 1183 781 1261; x_wconf 83' lang='lat' dir='ltr'><strong>Qui</strong></span> <span class='ocrx_word' id='word_1_50' title='bbox 811 1184 939 1268; x_wconf 89' lang='lat' dir='ltr'><strong>quidem</strong></span> <span class='ocrx_word' id='word_1_51' title='bbox 965 1205 1036 1249; x_wconf 90' lang='lat' dir='ltr'><strong>mos</strong></span> <span class='ocrx_word' id='word_1_52' title='bbox 1056 1184 1137 1249; x_wconf 90' lang='lat' dir='ltr'><strong>adeo</strong></span> <span class='ocrx_word' id='word_1_53' title='bbox 1158 1187 1307 1248; x_wconf 86' lang='lat' dir='ltr'><strong>constans</strong></span> <span class='ocrx_word' id='word_1_54' title='bbox 1328 1187 1390 1259; x_wconf 85' lang='lat' dir='ltr'><strong>est,</strong></span> <span class='ocrx_word' id='word_1_55' title='bbox 1419 1181 1519 1245; x_wconf 84' lang='grc' dir='ltr'><strong>61δὲ</strong></span> 
     </span>
     <span class='ocr_line' id='line_1_8' title="bbox 384 1288 1516 1373; baseline 0.002 -23"><span class='ocrx_word' id='word_1_56' title='bbox 384 1307 540 1371; x_wconf 79' lang='lat' dir='ltr'><strong>nusquam</strong></span> <span class='ocrx_word' id='word_1_57' title='bbox 562 1289 613 1355; x_wconf 85' lang='lat' dir='ltr'><strong>vel</strong></span> <span class='ocrx_word' id='word_1_58' title='bbox 634 1289 833 1372; x_wconf 85' lang='lat' dir='ltr'><strong>paucissimis</strong></span> <span class='ocrx_word' id='word_1_59' title='bbox 855 1297 982 1357; x_wconf 83' lang='lat' dir='ltr'><strong>tantum</strong></span> <span class='ocrx_word' id='word_1_60' title='bbox 1002 1292 1038 1355; x_wconf 94' lang='lat' dir='ltr'><strong>in</strong></span> <span class='ocrx_word' id='word_1_61' title='bbox 1058 1291 1151 1369; x_wconf 89' lang='lat' dir='ltr'><strong>locis,</strong></span> <span class='ocrx_word' id='word_1_62' title='bbox 1170 1290 1228 1373; x_wconf 94' lang='lat' dir='ltr'><strong>qni</strong></span> <span class='ocrx_word' id='word_1_63' title='bbox 1247 1289 1395 1354; x_wconf 89' lang='lat' dir='ltr'><strong>continno</strong></span> <span class='ocrx_word' id='word_1_64' title='bbox 1416 1288 1516 1353; x_wconf 91' lang='lat' dir='ltr'><strong>corri-</strong></span> 
     </span>
     <span class='ocr_line' id='line_1_9' title="bbox 383 1391 1515 1480; baseline 0.006 -25"><span class='ocrx_word' id='word_1_65' title='bbox 383 1391 478 1476; x_wconf 85' lang='lat' dir='ltr'><strong>gendi</strong></span> <span class='ocrx_word' id='word_1_66' title='bbox 500 1392 654 1473; x_wconf 88' lang='lat' dir='ltr'><strong>videntur,</strong></span> <span class='ocrx_word' id='word_1_67' title='bbox 676 1400 749 1461; x_wconf 86' lang='lat' dir='ltr'><strong>ante</strong></span> <span class='ocrx_word' id='word_1_68' title='bbox 771 1395 1020 1480; x_wconf 78' lang='lat' dir='ltr'><strong>adspirationem</strong></span> <span class='ocrx_word' id='word_1_69' title='bbox 1041 1396 1187 1461; x_wconf 80' lang='lat' dir='ltr'>elidatur.</span> <span class='ocrx_word' id='word_1_70' title='bbox 1227 1396 1427 1479; x_wconf 76' lang='lat' dir='ltr'><strong>Aliquotiens</strong></span> <span class='ocrx_word' id='word_1_71' title='bbox 1448 1418 1515 1462; x_wconf 91' lang='lat' dir='ltr'><strong>me·</strong></span> 
     </span>
     <span class='ocr_line' id='line_1_10' title="bbox 385 1495 1514 1587; baseline 0.006 -26"><span class='ocrx_word' id='word_1_72' title='bbox 385 1497 447 1563; x_wconf 93' lang='lat' dir='ltr'><strong>lior</strong></span> <span class='ocrx_word' id='word_1_73' title='bbox 467 1498 563 1565; x_wconf 89' lang='lat' dir='ltr'><strong>lectio</strong></span> <span class='ocrx_word' id='word_1_74' title='bbox 586 1523 603 1566; x_wconf 92' lang='lat' dir='ltr'><strong>e</strong></span> <span class='ocrx_word' id='word_1_75' title='bbox 627 1500 788 1567; x_wconf 87' lang='lat' dir='ltr'><strong>codicibus</strong></span> <span class='ocrx_word' id='word_1_76' title='bbox 814 1503 895 1566; x_wconf 89' lang='lat' dir='ltr'><strong>sumi</strong></span> <span class='ocrx_word' id='word_1_77' title='bbox 921 1502 1057 1585; x_wconf 87' lang='lat' dir='ltr'><strong>poterit,</strong></span> <span class='ocrx_word' id='word_1_78' title='bbox 1085 1501 1185 1567; x_wconf 82' lang='lat' dir='ltr'><strong>veluti</strong></span> <span class='ocrx_word' id='word_1_79' title='bbox 1212 1503 1247 1566; x_wconf 94' lang='lat' dir='ltr'><strong>in</strong></span> <span class='ocrx_word' id='word_1_80' title='bbox 1268 1495 1373 1587; x_wconf 81' lang='lat' dir='ltr'><strong>Symp.</strong></span> <span class='ocrx_word' id='word_1_81' title='bbox 1394 1501 1424 1579; x_wconf 94' lang='grc' dir='ltr'><strong>Ι,</strong></span> <span class='ocrx_word' id='word_1_82' title='bbox 1448 1508 1474 1579; x_wconf 94' lang='grc'><strong>1,</strong></span> <span class='ocrx_word' id='word_1_83' title='bbox 1503 1509 1514 1568; x_wconf 87' lang='lat' dir='ltr'><strong>l</strong></span> 
     </span>
     <span class='ocr_line' id='line_1_11' title="bbox 382 1596 1519 1694; baseline -0.002 -22"><span class='ocrx_word' id='word_1_84' title='bbox 382 1626 411 1686; x_wconf 89' lang='lat' dir='ltr'><strong>p.</strong></span> <span class='ocrx_word' id='word_1_85' title='bbox 428 1609 530 1682; x_wconf 88' lang='grc'>6136,</span> <span class='ocrx_word' id='word_1_86' title='bbox 550 1606 606 1672; x_wconf 93' lang='lat' dir='ltr'><strong>ubi</strong></span> <span class='ocrx_word' id='word_1_87' title='bbox 626 1605 710 1689; x_wconf 91' lang='lat' dir='ltr'><strong>quod</strong></span> <span class='ocrx_word' id='word_1_88' title='bbox 732 1606 837 1672; x_wconf 91' lang='lat' dir='ltr'><strong>editur</strong></span> <span class='ocrx_word' id='word_1_89' title='bbox 859 1605 893 1670; x_wconf 79' lang='grc' dir='ltr'><strong>ἕν</strong></span> <span class='ocrx_word' id='word_1_90' title='bbox 907 1596 958 1684; x_wconf 85' lang='grc' dir='ltr'><strong>οἷς</strong></span> <span class='ocrx_word' id='word_1_91' title='bbox 977 1603 1007 1672; x_wconf 82' lang='grc' dir='ltr'><strong>δ’</strong></span> <span class='ocrx_word' id='word_1_92' title='bbox 1031 1599 1050 1669; x_wconf 83' lang='grc' dir='ltr'><strong><em>ό</em></strong></span> <span class='ocrx_word' id='word_1_93' title='bbox 1071 1608 1126 1671; x_wconf 81' lang='grc' dir='ltr'><strong>νῦν</strong></span> <span class='ocrx_word' id='word_1_94' title='bbox 1148 1601 1266 1694; x_wconf 84' lang='grc' dir='ltr'><strong><em>καιρός</em></strong></span> <span class='ocrx_word' id='word_1_95' title='bbox 1288 1605 1477 1690; x_wconf 87' lang='lat' dir='ltr'><strong>quantocius</strong></span> <span class='ocrx_word' id='word_1_96' title='bbox 1499 1627 1519 1670; x_wconf 94' lang='lat' dir='ltr'><strong>e</strong></span> 
     </span>
     <span class='ocr_line' id='line_1_12' title="bbox 383 1702 1519 1792; baseline 0.001 -22"><span class='ocrx_word' id='word_1_97' title='bbox 383 1704 449 1771; x_wconf 89' lang='lat' dir='ltr'><strong>cod.</strong></span> <span class='ocrx_word' id='word_1_98' title='bbox 471 1705 565 1770; x_wconf 91' lang='lat' dir='ltr'><strong>Vind.</strong></span> <span class='ocrx_word' id='word_1_99' title='bbox 591 1706 813 1791; x_wconf 85' lang='lat' dir='ltr'><strong>corrigendum</strong></span> <span class='ocrx_word' id='word_1_100' title='bbox 831 1712 881 1772; x_wconf 87' lang='lat' dir='ltr'><strong>est</strong></span> <span class='ocrx_word' id='word_1_101' title='bbox 902 1707 939 1772; x_wconf 83' lang='grc' dir='ltr'><strong>δὲ</strong></span> <span class='ocrx_word' id='word_1_102' title='bbox 962 1702 992 1771; x_wconf 81' lang='lat' dir='ltr'><strong>d.</strong></span> <span class='ocrx_word' id='word_1_103' title='bbox 1022 1709 1229 1792; x_wconf 81' lang='lat' dir='ltr'><strong>Quamquam,</strong></span> <span class='ocrx_word' id='word_1_104' title='bbox 1246 1713 1283 1784; x_wconf 86' lang='lat' dir='ltr'><strong>ut</strong></span> <span class='ocrx_word' id='word_1_105' title='bbox 1304 1707 1410 1774; x_wconf 82' lang='lat' dir='ltr'><strong>dicam</strong></span> <span class='ocrx_word' id='word_1_106' title='bbox 1430 1706 1519 1790; x_wconf 92' lang='lat' dir='ltr'><strong>quod</strong></span> 
     </span>
     <span class='ocr_line' id='line_1_13' title="bbox 383 1814 1514 1900; baseline 0.002 -23"><span class='ocrx_word' id='word_1_107' title='bbox 383 1814 492 1893; x_wconf 87' lang='lat' dir='ltr'><strong>sentio,</strong></span> <span class='ocrx_word' id='word_1_108' title='bbox 512 1815 547 1878; x_wconf 94' lang='lat' dir='ltr'><strong>in</strong></span> <span class='ocrx_word' id='word_1_109' title='bbox 565 1814 616 1880; x_wconf 92' lang='lat' dir='ltr'><strong>his</strong></span> <span class='ocrx_word' id='word_1_110' title='bbox 636 1815 730 1881; x_wconf 87' lang='lat' dir='ltr'><strong>rebus</strong></span> <span class='ocrx_word' id='word_1_111' title='bbox 752 1819 896 1894; x_wconf 69' lang='lat' dir='ltr'><strong>minimas,</strong></span> <span class='ocrx_word' id='word_1_112' title='bbox 927 1837 1019 1900; x_wconf 89' lang='lat' dir='ltr'><strong>quas,</strong></span> <span class='ocrx_word' id='word_1_113' title='bbox 1041 1821 1077 1880; x_wconf 91' lang='lat' dir='ltr'><strong>ot</strong></span> <span class='ocrx_word' id='word_1_114' title='bbox 1095 1821 1182 1882; x_wconf 85' lang='lat' dir='ltr'><strong>recte</strong></span> <span class='ocrx_word' id='word_1_115' title='bbox 1205 1816 1239 1880; x_wconf 92' lang='lat' dir='ltr'><strong>in</strong></span> <span class='ocrx_word' id='word_1_116' title='bbox 1260 1815 1326 1882; x_wconf 89' lang='lat' dir='ltr'><strong>alia</strong></span> <span class='ocrx_word' id='word_1_117' title='bbox 1347 1815 1514 1880; x_wconf 80' lang='grc'>6666661)-</span> 
     </span>
     <span class='ocr_line' id='line_1_14' title="bbox 382 1919 1518 2006; baseline 0 -21"><span class='ocrx_word' id='word_1_118' title='bbox 382 1920 518 1986; x_wconf 81' lang='lat' dir='ltr'><strong>servavit</strong></span> <span class='ocrx_word' id='word_1_119' title='bbox 543 1921 723 2006; x_wconf 85' lang='lat' dir='ltr'><strong>Koechlyus</strong></span> <span class='ocrx_word' id='word_1_120' title='bbox 750 1943 839 1988; x_wconf 91' lang='lat' dir='ltr'><strong>meus</strong></span> <span class='ocrx_word' id='word_1_121' title='bbox 877 1923 991 2006; x_wconf 87' lang='lat' dir='ltr'><strong>(quem</strong></span> <span class='ocrx_word' id='word_1_122' title='bbox 1017 1922 1207 1988; x_wconf 86' lang='lat' dir='ltr'><strong>Germaniae</strong></span> <span class='ocrx_word' id='word_1_123' title='bbox 1241 1943 1325 1986; x_wconf 91' lang='lat' dir='ltr'><strong>nnnc</strong></span> <span class='ocrx_word' id='word_1_124' title='bbox 1354 1919 1518 1987; x_wconf 90' lang='lat' dir='ltr'><strong>redditum</strong></span> 
     </span>
     <span class='ocr_line' id='line_1_15' title="bbox 384 2026 1513 2114; baseline 0.001 -22"><span class='ocrx_word' id='word_1_125' title='bbox 384 2026 557 2111; x_wconf 84' lang='lat' dir='ltr'><strong>gaudemus</strong></span> <span class='ocrx_word' id='word_1_126' title='bbox 579 2027 717 2114; x_wconf 88' lang='lat' dir='ltr'><strong>omnes),</strong></span> <span class='ocrx_word' id='word_1_127' title='bbox 740 2028 767 2092; x_wconf 91' lang='lat' dir='ltr'><strong>si</strong></span> <span class='ocrx_word' id='word_1_128' title='bbox 787 2049 853 2093; x_wconf 91' lang='lat' dir='ltr'><strong>non</strong></span> <span class='ocrx_word' id='word_1_129' title='bbox 873 2034 1017 2111; x_wconf 88' lang='lat' dir='ltr'><strong>praetor,</strong></span> <span class='ocrx_word' id='word_1_130' title='bbox 1039 2034 1074 2095; x_wconf 91' lang='lat' dir='ltr'><strong>at</strong></span> <span class='ocrx_word' id='word_1_131' title='bbox 1096 2028 1199 2094; x_wconf 79' lang='lat' dir='ltr'><strong>editor</strong></span> <span class='ocrx_word' id='word_1_132' title='bbox 1219 2033 1305 2094; x_wconf 86' lang='lat' dir='ltr'><strong>certe</strong></span> <span class='ocrx_word' id='word_1_133' title='bbox 1324 2048 1436 2094; x_wconf 88' lang='lat' dir='ltr'><strong>curare</strong></span> <span class='ocrx_word' id='word_1_134' title='bbox 1457 2026 1513 2093; x_wconf 92' lang='lat' dir='ltr'><strong>de-</strong></span> 
     </span>
     <span class='ocr_line' id='line_1_16' title="bbox 383 2131 1516 2216; baseline 0.001 -19"><span class='ocrx_word' id='word_1_135' title='bbox 383 2133 446 2210; x_wconf 75' lang='lat' dir='ltr'><strong>bet</strong></span> <span class='ocrx_word' id='word_1_136' title='bbox 474 2133 579 2199; x_wconf 89' lang='lat' dir='ltr'><strong>tenuis</strong></span> <span class='ocrx_word' id='word_1_137' title='bbox 608 2132 777 2197; x_wconf 86' lang='lat' dir='ltr'><strong>admodum</strong></span> <span class='ocrx_word' id='word_1_138' title='bbox 805 2139 854 2198; x_wconf 90' lang='lat' dir='ltr'><strong>est</strong></span> <span class='ocrx_word' id='word_1_139' title='bbox 881 2133 976 2198; x_wconf 89' lang='lat' dir='ltr'><strong>huius</strong></span> <span class='ocrx_word' id='word_1_140' title='bbox 1007 2133 1124 2199; x_wconf 90' lang='lat' dir='ltr'><strong>codicis</strong></span> <span class='ocrx_word' id='word_1_141' title='bbox 1150 2133 1340 2198; x_wconf 55' lang='lat' dir='ltr'><strong>auctoritas.¹</strong></span> <span class='ocrx_word' id='word_1_142' title='bbox 1385 2131 1516 2216; x_wconf 91' lang='lat' dir='ltr'><strong>Ubique</strong></span> 
     </span>
     <span class='ocr_line' id='line_1_17' title="bbox 386 2233 1517 2300; baseline -0.002 0"><span class='ocrx_word' id='word_1_143' title='bbox 386 2235 471 2300; x_wconf 90' lang='lat' dir='ltr'><strong>enim</strong></span> <span class='ocrx_word' id='word_1_144' title='bbox 493 2234 527 2298; x_wconf 92' lang='lat' dir='ltr'><strong>in</strong></span> <span class='ocrx_word' id='word_1_145' title='bbox 550 2235 611 2299; x_wconf 90' lang='lat' dir='ltr'><strong>hoc</strong></span> <span class='ocrx_word' id='word_1_146' title='bbox 632 2233 716 2300; x_wconf 92' lang='lat' dir='ltr'><strong>libro</strong></span> <span class='ocrx_word' id='word_1_147' title='bbox 738 2233 856 2299; x_wconf 81' lang='lat' dir='ltr'><strong>formas</strong></span> <span class='ocrx_word' id='word_1_148' title='bbox 876 2233 962 2300; x_wconf 84' lang='lat' dir='ltr'><strong>inter</strong></span> <span class='ocrx_word' id='word_1_149' title='bbox 983 2256 1017 2299; x_wconf 90' lang='lat' dir='ltr'><strong>se</strong></span> <span class='ocrx_word' id='word_1_150' title='bbox 1038 2234 1078 2300; x_wconf 88' lang='lat' dir='ltr'><strong>de</strong></span> <span class='ocrx_word' id='word_1_151' title='bbox 1093 2233 1221 2300; x_wconf 89' lang='lat' dir='ltr'><strong>sedibus</strong></span> <span class='ocrx_word' id='word_1_152' title='bbox 1242 2233 1405 2299; x_wconf 88' lang='lat' dir='ltr'><strong>decertare</strong></span> <span class='ocrx_word' id='word_1_153' title='bbox 1425 2233 1517 2298; x_wconf 80' lang='lat' dir='ltr'><strong>vides</strong></span> 
     </span>
     <span class='ocr_line' id='line_1_18' title="bbox 384 2335 1515 2420; baseline -0.001 -17"><span class='ocrx_word' id='word_1_154' title='bbox 384 2339 478 2404; x_wconf 89' lang='lat' dir='ltr'><strong>elisas</strong></span> <span class='ocrx_word' id='word_1_155' title='bbox 499 2344 533 2404; x_wconf 89' lang='lat' dir='ltr'><strong>et</strong></span> <span class='ocrx_word' id='word_1_156' title='bbox 553 2359 617 2403; x_wconf 92' lang='lat' dir='ltr'><strong>non</strong></span> <span class='ocrx_word' id='word_1_157' title='bbox 639 2338 741 2412; x_wconf 86' lang='lat' dir='ltr'><strong>elisas,</strong></span> <span class='ocrx_word' id='word_1_158' title='bbox 763 2338 902 2420; x_wconf 84' lang='lat' dir='ltr'><strong>itemque</strong></span> <span class='ocrx_word' id='word_1_159' title='bbox 923 2358 987 2403; x_wconf 92' lang='lat' dir='ltr'><strong>non</strong></span> <span class='ocrx_word' id='word_1_160' title='bbox 1008 2339 1114 2416; x_wconf 89' lang='lat' dir='ltr'><strong>semel,</strong></span> <span class='ocrx_word' id='word_1_161' title='bbox 1136 2343 1174 2402; x_wconf 89' lang='lat' dir='ltr'><strong>ut</strong></span> <span class='ocrx_word' id='word_1_162' title='bbox 1194 2338 1229 2402; x_wconf 91' lang='lat' dir='ltr'><strong>in</strong></span> <span class='ocrx_word' id='word_1_163' title='bbox 1249 2337 1410 2420; x_wconf 88' lang='lat' dir='ltr'><strong>plerisque</strong></span> <span class='ocrx_word' id='word_1_164' title='bbox 1432 2335 1515 2414; x_wconf 82' lang='lat' dir='ltr'><strong>aliis,</strong></span> 
     </span>
     <span class='ocr_line' id='line_1_19' title="bbox 386 2442 1515 2530; baseline 0.001 -23"><span class='ocrx_word' id='word_1_165' title='bbox 386 2470 402 2507; x_wconf 84' lang='grc' dir='ltr'><strong><em>ν</em></strong></span> <span class='ocrx_word' id='word_1_166' title='bbox 431 2442 667 2530; x_wconf 79' lang='grc' dir='ltr'><strong><em>ἐφελκυστικόν</em></strong></span> <span class='ocrx_word' id='word_1_167' title='bbox 696 2442 804 2509; x_wconf 83' lang='grc'>661616</span> <span class='ocrx_word' id='word_1_168' title='bbox 830 2444 949 2510; x_wconf 89' lang='lat' dir='ltr'><strong>honore</strong></span> <span class='ocrx_word' id='word_1_169' title='bbox 980 2449 1087 2522; x_wconf 82' lang='lat' dir='ltr'><strong>vacat,</strong></span> <span class='ocrx_word' id='word_1_170' title='bbox 1116 2444 1151 2508; x_wconf 88' lang='lat' dir='ltr'><strong>in</strong></span> <span class='ocrx_word' id='word_1_171' title='bbox 1178 2443 1250 2508; x_wconf 86' lang='lat' dir='ltr'><strong>aliis</strong></span> <span class='ocrx_word' id='word_1_172' title='bbox 1275 2442 1354 2508; x_wconf 92' lang='lat' dir='ltr'><strong>locis</strong></span> <span class='ocrx_word' id='word_1_173' title='bbox 1381 2463 1515 2508; x_wconf 91' lang='lat' dir='ltr'><strong>munere</strong></span> 
     </span>
     <span class='ocr_line' id='line_1_20' title="bbox 384 2541 1516 2628; baseline -0.003 -20"><span class='ocrx_word' id='word_1_174' title='bbox 384 2565 447 2610; x_wconf 89' lang='lat' dir='ltr'><strong>nen</strong></span> <span class='ocrx_word' id='word_1_175' title='bbox 469 2543 612 2628; x_wconf 83' lang='lat' dir='ltr'><strong>fungitur</strong></span> <span class='ocrx_word' id='word_1_176' title='bbox 631 2565 695 2608; x_wconf 89' lang='lat' dir='ltr'><strong>suo.</strong></span> <span class='ocrx_word' id='word_1_177' title='bbox 739 2542 859 2608; x_wconf 89' lang='lat' dir='ltr'><strong>Eodem</strong></span> <span class='ocrx_word' id='word_1_178' title='bbox 888 2565 926 2608; x_wconf 90' lang='lat' dir='ltr'><strong>ae</strong></span> <span class='ocrx_word' id='word_1_179' title='bbox 954 2544 1075 2609; x_wconf 87' lang='lat' dir='ltr'><strong>maiore</strong></span> <span class='ocrx_word' id='word_1_180' title='bbox 1106 2542 1239 2608; x_wconf 84' lang='lat' dir='ltr'><strong>fortasse</strong></span> <span class='ocrx_word' id='word_1_181' title='bbox 1259 2541 1329 2606; x_wconf 90' lang='lat' dir='ltr'><strong>iure</strong></span> <span class='ocrx_word' id='word_1_182' title='bbox 1361 2541 1397 2605; x_wconf 91' lang='lat' dir='ltr'><strong>in</strong></span> <span class='ocrx_word' id='word_1_183' title='bbox 1420 2545 1516 2606; x_wconf 87' lang='lat' dir='ltr'><strong>tanta</strong></span> 
     </span>
     <span class='ocr_line' id='line_1_21' title="bbox 385 2644 1515 2726; baseline -0.004 -13"><span class='ocrx_word' id='word_1_184' title='bbox 385 2647 452 2713; x_wconf 89' lang='lat' dir='ltr'><strong>eius</strong></span> <span class='ocrx_word' id='word_1_185' title='bbox 474 2647 594 2712; x_wconf 88' lang='lat' dir='ltr'><strong>relicua</strong></span> <span class='ocrx_word' id='word_1_186' title='bbox 615 2646 732 2712; x_wconf 82' lang='lat' dir='ltr'><strong>virtute</strong></span> <span class='ocrx_word' id='word_1_187' title='bbox 754 2668 794 2712; x_wconf 86' lang='lat' dir='ltr'><strong>ex</strong></span> <span class='ocrx_word' id='word_1_188' title='bbox 815 2644 883 2713; x_wconf 89' lang='lat' dir='ltr'><strong>cod.</strong></span> <span class='ocrx_word' id='word_1_189' title='bbox 906 2646 1006 2714; x_wconf 84' lang='lat' dir='ltr'><strong>Palat.</strong></span> <span class='ocrx_word' id='word_1_190' title='bbox 1034 2646 1069 2709; x_wconf 89' lang='lat' dir='ltr'><strong>in</strong></span> <span class='ocrx_word' id='word_1_191' title='bbox 1097 2645 1165 2710; x_wconf 83' lang='lat' dir='ltr'><strong>vita</strong></span> <span class='ocrx_word' id='word_1_192' title='bbox 1196 2644 1314 2709; x_wconf 84' lang='lat' dir='ltr'><strong>Antoni</strong></span> <span class='ocrx_word' id='word_1_193' title='bbox 1344 2665 1369 2710; x_wconf 91' lang='lat' dir='ltr'><strong>e.</strong></span> <span class='ocrx_word' id='word_1_194' title='bbox 1392 2649 1432 2710; x_wconf 83' lang='lat'><strong>30</strong></span> <span class='ocrx_word' id='word_1_195' title='bbox 1453 2664 1515 2726; x_wconf 89' lang='lat' dir='ltr'><strong>pro</strong></span> 
     </span>
     <span class='ocr_line' id='line_1_22' title="bbox 382 2739 1515 2836; baseline -0.004 -23"><span class='ocrx_word' id='word_1_196' title='bbox 382 2745 424 2814; x_wconf 84' lang='grc' dir='ltr'><strong>τὰ</strong></span> <span class='ocrx_word' id='word_1_197' title='bbox 456 2742 485 2813; x_wconf 77' lang='grc' dir='ltr'><strong><em>δ</em></strong></span> <span class='ocrx_word' id='word_1_198' title='bbox 517 2743 657 2836; x_wconf 75' lang='grc' dir='ltr'><em>ἑσπέρια</em></span> <span class='ocrx_word' id='word_1_199' title='bbox 688 2753 721 2814; x_wconf 82' lang='grc'><strong>61</strong></span> <span class='ocrx_word' id='word_1_200' title='bbox 748 2769 816 2829; x_wconf 91' lang='lat' dir='ltr'><strong>cap.</strong></span> <span class='ocrx_word' id='word_1_201' title='bbox 837 2752 875 2814; x_wconf 88' lang='grc'><strong>31</strong></span> <span class='ocrx_word' id='word_1_202' title='bbox 908 2769 967 2830; x_wconf 90' lang='lat' dir='ltr'><strong>pro</strong></span> <span class='ocrx_word' id='word_1_203' title='bbox 993 2742 1125 2834; x_wconf 74' lang='grc' dir='ltr'><strong><em>ἔστεργε</em></strong></span> <span class='ocrx_word' id='word_1_204' title='bbox 1148 2740 1177 2810; x_wconf 59' lang='grc' dir='ltr'><strong>δ)</strong></span> <span class='ocrx_word' id='word_1_205' title='bbox 1201 2739 1381 2832; x_wconf 74' lang='grc' dir='ltr'><em>ὑπερφυῶς</em></span> <span class='ocrx_word' id='word_1_206' title='bbox 1418 2745 1515 2827; x_wconf 90' lang='lat' dir='ltr'><strong>plena</strong></span> 
     </span>
     <span class='ocr_line' id='line_1_23' title="bbox 382 2844 1509 2929; baseline -0.004 -16"><span class='ocrx_word' id='word_1_207' title='bbox 382 2847 582 2915; x_wconf 89' lang='lat' dir='ltr'><strong>restituenda</strong></span> <span class='ocrx_word' id='word_1_208' title='bbox 603 2849 665 2913; x_wconf 90' lang='lat' dir='ltr'><strong>erit</strong></span> <span class='ocrx_word' id='word_1_209' title='bbox 685 2847 862 2929; x_wconf 85' lang='lat' dir='ltr'><strong>particulae</strong></span> <span class='ocrx_word' id='word_1_210' title='bbox 884 2847 995 2915; x_wconf 88' lang='lat' dir='ltr'><strong>forma.</strong></span> <span class='ocrx_word' id='word_1_211' title='bbox 1038 2845 1105 2912; x_wconf 85' lang='lat' dir='ltr'><strong>Nec</strong></span> <span class='ocrx_word' id='word_1_212' title='bbox 1125 2844 1337 2911; x_wconf 89' lang='lat' dir='ltr'><strong>dubitandum</strong></span> <span class='ocrx_word' id='word_1_213' title='bbox 1369 2845 1447 2927; x_wconf 91' lang='lat' dir='ltr'><strong>quin</strong></span> <span class='ocrx_word' id='word_1_214' title='bbox 1469 2844 1509 2908; x_wconf 92' lang='lat' dir='ltr'><strong>si·</strong></span> 
     </span>
     <span class='ocr_line' id='line_1_24' title="bbox 383 2944 1512 3036; baseline -0.004 -18"><span class='ocrx_word' id='word_1_215' title='bbox 383 2954 451 3019; x_wconf 90' lang='lat' dir='ltr'><strong>mili</strong></span> <span class='ocrx_word' id='word_1_216' title='bbox 478 2952 715 3036; x_wconf 83' lang='lat' dir='ltr'><strong>aequabilitatis</strong></span> <span class='ocrx_word' id='word_1_217' title='bbox 747 2952 817 3036; x_wconf 86' lang='lat' dir='ltr'><strong>lege</strong></span> <span class='ocrx_word' id='word_1_218' title='bbox 848 2952 946 3017; x_wconf 90' lang='lat' dir='ltr'><strong>scribi</strong></span> <span class='ocrx_word' id='word_1_219' title='bbox 973 2950 1088 3016; x_wconf 89' lang='lat' dir='ltr'><strong>debeat</strong></span> <span class='ocrx_word' id='word_1_220' title='bbox 1115 2952 1158 3016; x_wconf 83' lang='grc' dir='ltr'><strong>δὲ</strong></span> <span class='ocrx_word' id='word_1_221' title='bbox 1182 2944 1200 3014; x_wconf 81' lang='grc' dir='ltr'><strong><em>ό</em></strong></span> <span class='ocrx_word' id='word_1_222' title='bbox 1226 2949 1330 3034; x_wconf 85' lang='lat' dir='ltr'><strong>Symp.</strong></span> <span class='ocrx_word' id='word_1_223' title='bbox 1355 2949 1420 3027; x_wconf 88' lang='grc' dir='ltr'>ΙΙΙ,</span> <span class='ocrx_word' id='word_1_224' title='bbox 1446 2956 1470 3026; x_wconf 93' lang='grc'><strong>1,</strong></span> <span class='ocrx_word' id='word_1_225' title='bbox 1492 2955 1512 3014; x_wconf 95' lang='grc'>2</span> 
     </span>
     <span class='ocr_line' id='line_1_25' title="bbox 382 3046 1511 3139; baseline -0.006 -18"><span class='ocrx_word' id='word_1_226' title='bbox 382 3076 411 3137; x_wconf 92' lang='lat' dir='ltr'><strong>p.</strong></span> <span class='ocrx_word' id='word_1_227' title='bbox 438 3054 528 3121; x_wconf 85' lang='grc'>6461)</span> <span class='ocrx_word' id='word_1_228' title='bbox 551 3053 585 3117; x_wconf 85' lang='grc'><strong>16</strong></span> <span class='ocrx_word' id='word_1_229' title='bbox 606 3053 656 3118; x_wconf 92' lang='lat' dir='ltr'><strong>his</strong></span> <span class='ocrx_word' id='word_1_230' title='bbox 680 3046 859 3136; x_wconf 73' lang='grc' dir='ltr'><strong><em>ὑπολαβών</em></strong></span> <span class='ocrx_word' id='word_1_231' title='bbox 882 3048 911 3116; x_wconf 86' lang='grc' dir='ltr'><strong>δ’</strong></span> <span class='ocrx_word' id='word_1_232' title='bbox 935 3047 953 3115; x_wconf 84' lang='grc' dir='ltr'><strong><em>ό</em></strong></span> <span class='ocrx_word' id='word_1_233' title='bbox 972 3047 1116 3139; x_wconf 83' lang='grc' dir='ltr'><strong><em>Ἐράτων</em></strong></span> <span class='ocrx_word' id='word_1_234' title='bbox 1140 3051 1208 3131; x_wconf 85' lang='lat' dir='ltr'><strong>(cfr.</strong></span> <span class='ocrx_word' id='word_1_235' title='bbox 1224 3072 1255 3134; x_wconf 91' lang='lat' dir='ltr'><strong>p.</strong></span> <span class='ocrx_word' id='word_1_236' title='bbox 1269 3051 1363 3118; x_wconf 86' lang='grc'>6161)</span> <span class='ocrx_word' id='word_1_237' title='bbox 1387 3047 1511 3136; x_wconf 77' lang='grc' dir='ltr'><strong><em>γυμνά-</em></strong></span> 
     </span>
     <span class='ocr_line' id='line_1_26' title="bbox 384 3146 1509 3241; baseline -0.002 -23"><span class='ocrx_word' id='word_1_238' title='bbox 384 3153 474 3234; x_wconf 80' lang='grc' dir='ltr'><strong><em>ζεται</em></strong></span> <span class='ocrx_word' id='word_1_239' title='bbox 495 3153 531 3220; x_wconf 82' lang='grc' dir='ltr'><strong>δὲ</strong></span> <span class='ocrx_word' id='word_1_240' title='bbox 554 3147 572 3220; x_wconf 84' lang='grc' dir='ltr'><strong><em>ό</em></strong></span> <span class='ocrx_word' id='word_1_241' title='bbox 595 3150 721 3219; x_wconf 78' lang='grc' dir='ltr'><strong><em>τάττων</em></strong></span> <span class='ocrx_word' id='word_1_242' title='bbox 740 3175 770 3236; x_wconf 92' lang='lat' dir='ltr'><strong>p.</strong></span> <span class='ocrx_word' id='word_1_243' title='bbox 785 3158 879 3232; x_wconf 88' lang='grc'>6166,</span> <span class='ocrx_word' id='word_1_244' title='bbox 901 3148 1118 3241; x_wconf 78' lang='grc' dir='ltr'><strong><em>ἀτοπώτερος</em></strong></span> <span class='ocrx_word' id='word_1_245' title='bbox 1138 3152 1176 3218; x_wconf 78' lang='grc' dir='ltr'><strong>δὲ</strong></span> <span class='ocrx_word' id='word_1_246' title='bbox 1198 3146 1217 3216; x_wconf 84' lang='grc' dir='ltr'><strong><em>ό</em></strong></span> <span class='ocrx_word' id='word_1_247' title='bbox 1241 3154 1347 3220; x_wconf 82' lang='grc' dir='ltr'><strong><em>ποιῶν</em></strong></span> <span class='ocrx_word' id='word_1_248' title='bbox 1367 3173 1398 3235; x_wconf 92' lang='lat' dir='ltr'><strong>p.</strong></span> <span class='ocrx_word' id='word_1_249' title='bbox 1414 3157 1509 3230; x_wconf 93' lang='grc'>6176,</span> 
     </span>
     <span class='ocr_line' id='line_1_27' title="bbox 382 3246 1509 3351; baseline -0.004 -24"><span class='ocrx_word' id='word_1_250' title='bbox 382 3255 564 3351; x_wconf 77' lang='grc' dir='ltr'><strong><em>διαρρήδην</em></strong></span> <span class='ocrx_word' id='word_1_251' title='bbox 591 3261 627 3327; x_wconf 84' lang='grc' dir='ltr'><strong>δὲ</strong></span> <span class='ocrx_word' id='word_1_252' title='bbox 654 3253 672 3326; x_wconf 83' lang='grc' dir='ltr'><strong><em>ό</em></strong></span> <span class='ocrx_word' id='word_1_253' title='bbox 707 3257 876 3348; x_wconf 85' lang='grc' dir='ltr'><strong><em>Πίνδαρος</em></strong></span> <span class='ocrx_word' id='word_1_254' title='bbox 907 3259 1003 3346; x_wconf 76' lang='grc' dir='ltr'><strong><em>λέγει,</em></strong></span> <span class='ocrx_word' id='word_1_255' title='bbox 1033 3279 1064 3342; x_wconf 91' lang='lat' dir='ltr'><strong>p.</strong></span> <span class='ocrx_word' id='word_1_256' title='bbox 1094 3257 1190 3326; x_wconf 91' lang='grc'>6216</span> <span class='ocrx_word' id='word_1_257' title='bbox 1218 3254 1407 3346; x_wconf 78' lang='grc' dir='ltr'><strong><em>περίπατος</em></strong></span> <span class='ocrx_word' id='word_1_258' title='bbox 1429 3246 1509 3324; x_wconf 79' lang='grc' dir='ltr'><strong>δὲό</strong></span> 
     </span>
     <span class='ocr_line' id='line_1_28' title="bbox 383 3357 1512 3457; baseline -0.002 -25"><span class='ocrx_word' id='word_1_259' title='bbox 383 3363 476 3457; x_wconf 78' lang='grc' dir='ltr'><strong><em>παρὰ</em></strong></span> <span class='ocrx_word' id='word_1_260' title='bbox 494 3361 677 3444; x_wconf 74' lang='grc' dir='ltr'><strong><em>θάλατταν,</em></strong></span> <span class='ocrx_word' id='word_1_261' title='bbox 700 3386 730 3447; x_wconf 93' lang='lat' dir='ltr'><strong>p.</strong></span> <span class='ocrx_word' id='word_1_262' title='bbox 744 3365 833 3432; x_wconf 89' lang='grc'>6236</span> <span class='ocrx_word' id='word_1_263' title='bbox 853 3361 1001 3448; x_wconf 82' lang='grc' dir='ltr'><strong><em>μάλιστα</em></strong></span> <span class='ocrx_word' id='word_1_264' title='bbox 1017 3358 1085 3431; x_wconf 82' lang='grc' dir='ltr'><strong>δὲό</strong></span> <span class='ocrx_word' id='word_1_265' title='bbox 1103 3357 1359 3446; x_wconf 67' lang='grc' dir='ltr'><strong><em>ἐνθουσιασμός,</em></strong></span> <span class='ocrx_word' id='word_1_266' title='bbox 1381 3383 1412 3445; x_wconf 86' lang='lat' dir='ltr'><strong>p.</strong></span> <span class='ocrx_word' id='word_1_267' title='bbox 1423 3368 1512 3430; x_wconf 84' lang='grc'>6536</span> 
     </span>
     <span class='ocr_line' id='line_1_29' title="bbox 383 3464 1511 3559; baseline -0.001 -25"><span class='ocrx_word' id='word_1_268' title='bbox 383 3466 548 3559; x_wconf 84' lang='grc' dir='ltr'><strong><em>Ζώπυρος</em></strong></span> <span class='ocrx_word' id='word_1_269' title='bbox 577 3469 613 3535; x_wconf 77' lang='grc' dir='ltr'><strong>δὲ</strong></span> <span class='ocrx_word' id='word_1_270' title='bbox 636 3464 653 3534; x_wconf 85' lang='grc' dir='ltr'><strong><em>ό</em></strong></span> <span class='ocrx_word' id='word_1_271' title='bbox 678 3466 795 3557; x_wconf 53' lang='grc' dir='ltr'><strong>ἰατρός1</strong></span> <span class='ocrx_word' id='word_1_272' title='bbox 823 3475 855 3534; x_wconf 90' lang='grc'><strong>61</strong></span> <span class='ocrx_word' id='word_1_273' title='bbox 882 3470 916 3534; x_wconf 86' lang='grc'><strong>16</strong></span> <span class='ocrx_word' id='word_1_274' title='bbox 944 3493 1043 3555; x_wconf 84' lang='lat' dir='ltr'><strong>genus</strong></span> <span class='ocrx_word' id='word_1_275' title='bbox 1069 3469 1167 3556; x_wconf 85' lang='grc'>6116),</span> <span class='ocrx_word' id='word_1_276' title='bbox 1201 3469 1248 3536; x_wconf 79' lang='grc' dir='ltr'><strong>δὲ</strong></span> <span class='ocrx_word' id='word_1_277' title='bbox 1279 3465 1511 3558; x_wconf 78' lang='grc' dir='ltr'><strong><em>ἱστόρηται</em></strong></span> 
     </span>
     <span class='ocr_line' id='line_1_30' title="bbox 383 3568 1550 3665; baseline -0.003 -24"><span class='ocrx_word' id='word_1_278' title='bbox 383 3576 487 3661; x_wconf 85' lang='lat' dir='ltr'><strong>Symp.</strong></span> <span class='ocrx_word' id='word_1_279' title='bbox 503 3576 560 3654; x_wconf 88' lang='lat' dir='ltr'><strong>Ill,</strong></span> <span class='ocrx_word' id='word_1_280' title='bbox 573 3581 601 3652; x_wconf 90' lang='grc'><strong>2,</strong></span> <span class='ocrx_word' id='word_1_281' title='bbox 622 3583 635 3642; x_wconf 94' lang='grc'><strong>1</strong></span> <span class='ocrx_word' id='word_1_282' title='bbox 660 3596 691 3657; x_wconf 92' lang='lat' dir='ltr'><strong>p.</strong></span> <span class='ocrx_word' id='word_1_283' title='bbox 707 3578 798 3642; x_wconf 87' lang='grc'>6486</span> <span class='ocrx_word' id='word_1_284' title='bbox 819 3575 854 3639; x_wconf 92' lang='lat' dir='ltr'><strong>in</strong></span> <span class='ocrx_word' id='word_1_285' title='bbox 876 3575 927 3640; x_wconf 90' lang='lat' dir='ltr'><strong>his</strong></span> <span class='ocrx_word' id='word_1_286' title='bbox 948 3570 1015 3641; x_wconf 83' lang='grc' dir='ltr'><strong>όπδ</strong></span> <span class='ocrx_word' id='word_1_287' title='bbox 1036 3569 1257 3663; x_wconf 82' lang='grc' dir='ltr'><strong><em>Θεοφράστου</em></strong></span> <span class='ocrx_word' id='word_1_288' title='bbox 1280 3568 1309 3639; x_wconf 79' lang='grc' dir='ltr'><strong><em>δ</em></strong></span> <span class='ocrx_word' id='word_1_289' title='bbox 1325 3570 1508 3663; x_wconf 75' lang='grc' dir='ltr'><strong><em>ἱστόρηται,</em></strong></span> <span class='ocrx_word' id='word_1_290' title='bbox 1545 3660 1550 3665; x_wconf 9' lang='lat' dir='ltr'><strong>q</strong></span> 
     </span>
     <span class='ocr_line' id='line_1_31' title="bbox 383 3668 1510 3765; baseline -0.005 -22"><span class='ocrx_word' id='word_1_291' title='bbox 383 3699 454 3743; x_wconf 86' lang='lat' dir='ltr'><strong>curn</strong></span> <span class='ocrx_word' id='word_1_292' title='bbox 469 3676 549 3742; x_wconf 90' lang='lat' dir='ltr'><strong>alias</strong></span> <span class='ocrx_word' id='word_1_293' title='bbox 563 3674 682 3742; x_wconf 87' lang='lat' dir='ltr'><strong>diserte</strong></span> <span class='ocrx_word' id='word_1_294' title='bbox 704 3674 828 3740; x_wconf 90' lang='lat' dir='ltr'><strong>dederit</strong></span> <span class='ocrx_word' id='word_1_295' title='bbox 850 3669 928 3740; x_wconf 71' lang='grc' dir='ltr'><strong><em>οὐδὲ</em></strong></span> <span class='ocrx_word' id='word_1_296' title='bbox 950 3670 1132 3765; x_wconf 67' lang='grc' dir='ltr'><strong><em>ἱστόρηηαι,</em></strong></span> <span class='ocrx_word' id='word_1_297' title='bbox 1158 3668 1257 3740; x_wconf 82' lang='grc' dir='ltr'><strong><em>οὐδὲ</em></strong></span> <span class='ocrx_word' id='word_1_298' title='bbox 1283 3670 1323 3739; x_wconf 77' lang='grc' dir='ltr'><strong>οἱ</strong></span> <span class='ocrx_word' id='word_1_299' title='bbox 1341 3671 1390 3738; x_wconf 82' lang='grc' dir='ltr'><strong>τὰ</strong></span> <span class='ocrx_word' id='word_1_300' title='bbox 1413 3673 1510 3738; x_wconf 88' lang='grc' dir='ltr'><strong><em>διοι-</em></strong></span> 
     </span>
     <span class='ocr_line' id='line_1_32' title="bbox 383 3772 1511 3866; baseline -0.004 -20"><span class='ocrx_word' id='word_1_301' title='bbox 383 3777 579 3866; x_wconf 82' lang='grc' dir='ltr'><strong><em>στὴματα</em></strong></span> <span class='ocrx_word' id='word_1_302' title='bbox 601 3798 630 3861; x_wconf 88' lang='lat' dir='ltr'><strong>p.</strong></span> <span class='ocrx_word' id='word_1_303' title='bbox 645 3785 731 3845; x_wconf 87' lang='grc'>7146</span> <span class='ocrx_word' id='word_1_304' title='bbox 751 3798 810 3861; x_wconf 90' lang='lat' dir='ltr'><strong>pro</strong></span> <span class='ocrx_word' id='word_1_305' title='bbox 836 3778 917 3863; x_wconf 87' lang='lat' dir='ltr'><strong>volg.</strong></span> <span class='ocrx_word' id='word_1_306' title='bbox 941 3772 1011 3843; x_wconf 77' lang='grc' dir='ltr'><strong><em>οὐδ’</em></strong></span> <span class='ocrx_word' id='word_1_307' title='bbox 1035 3775 1076 3842; x_wconf 80' lang='lat' dir='ltr'><strong>oi.</strong></span> <span class='ocrx_word' id='word_1_308' title='bbox 1111 3779 1253 3861; x_wconf 90' lang='lat' dir='ltr'><strong>Itemque</strong></span> <span class='ocrx_word' id='word_1_309' title='bbox 1275 3777 1310 3841; x_wconf 90' lang='lat' dir='ltr'><strong>in</strong></span> <span class='ocrx_word' id='word_1_310' title='bbox 1324 3781 1418 3842; x_wconf 87' lang='lat' dir='ltr'><strong>tanta</strong></span> <span class='ocrx_word' id='word_1_311' title='bbox 1436 3798 1511 3841; x_wconf 89' lang='lat' dir='ltr'><strong>usus</strong></span> 
     </span>
     <span class='ocr_line' id='line_1_33' title="bbox 383 3880 1511 3972; baseline 0.001 -26"><span class='ocrx_word' id='word_1_312' title='bbox 383 3880 561 3946; x_wconf 86' lang='lat' dir='ltr'><strong>constantia</strong></span> <span class='ocrx_word' id='word_1_313' title='bbox 593 3881 643 3945; x_wconf 89' lang='lat' dir='ltr'><strong>vel</strong></span> <span class='ocrx_word' id='word_1_314' title='bbox 670 3880 777 3945; x_wconf 92' lang='lat' dir='ltr'><strong>invitis</strong></span> <span class='ocrx_word' id='word_1_315' title='bbox 804 3881 966 3972; x_wconf 85' lang='lat' dir='ltr'><strong>codicibus</strong></span> <span class='ocrx_word' id='word_1_316' title='bbox 986 3881 1170 3946; x_wconf 85' lang='lat' dir='ltr'><strong>restitutum</strong></span> <span class='ocrx_word' id='word_1_317' title='bbox 1191 3881 1305 3947; x_wconf 92' lang='lat' dir='ltr'><strong>vellem</strong></span> <span class='ocrx_word' id='word_1_318' title='bbox 1325 3880 1431 3966; x_wconf 83' lang='lat' dir='ltr'><strong>Symp.</strong></span> <span class='ocrx_word' id='word_1_319' title='bbox 1452 3881 1511 3960; x_wconf 85' lang='grc' dir='ltr'>ΙΙΙ,</span> 
     </span>
     <span class='ocr_line' id='line_1_34' title="bbox 382 3982 1509 4073; baseline 0.003 -21"><span class='ocrx_word' id='word_1_320' title='bbox 382 3993 409 4065; x_wconf 93' lang='grc'><strong>7,</strong></span> <span class='ocrx_word' id='word_1_321' title='bbox 426 3993 439 4052; x_wconf 92' lang='grc'><strong>1</strong></span> <span class='ocrx_word' id='word_1_322' title='bbox 458 3991 583 4068; x_wconf 75' lang='lat' dir='ltr'><strong>posse</strong></span> <span class='ocrx_word' id='word_1_323' title='bbox 605 3983 704 4073; x_wconf 73' lang='grc' dir='ltr'><strong><em>ἕκτη</em></strong></span> <span class='ocrx_word' id='word_1_324' title='bbox 726 3984 769 4052; x_wconf 78' lang='grc' dir='ltr'><strong>δὲ</strong></span> <span class='ocrx_word' id='word_1_325' title='bbox 789 3982 1020 4068; x_wconf 74' lang='grc' dir='ltr'><strong><em>ἱσταμένου</em></strong></span> <span class='ocrx_word' id='word_1_326' title='bbox 1042 3992 1075 4053; x_wconf 89' lang='grc'><strong>61</strong></span> <span class='ocrx_word' id='word_1_327' title='bbox 1093 3986 1147 4064; x_wconf 89' lang='lat' dir='ltr'><strong>IV,</strong></span> <span class='ocrx_word' id='word_1_328' title='bbox 1165 3993 1275 4069; x_wconf 64' lang='lat' dir='ltr'><strong>sap.</strong></span> <span class='ocrx_word' id='word_1_329' title='bbox 1289 3987 1381 4054; x_wconf 86' lang='grc'>6681)</span> <span class='ocrx_word' id='word_1_330' title='bbox 1404 3986 1445 4055; x_wconf 89' lang='grc' dir='ltr'><strong>τί</strong></span> <span class='ocrx_word' id='word_1_331' title='bbox 1464 3987 1509 4056; x_wconf 76' lang='grc' dir='ltr'><strong>δὲ</strong></span> 
     </span>
     <span class='ocr_line' id='line_1_35' title="bbox 383 4085 1508 4175; baseline 0.001 -16"><span class='ocrx_word' id='word_1_332' title='bbox 383 4089 422 4159; x_wconf 81' lang='lat' dir='ltr'><strong>oi</strong></span> <span class='ocrx_word' id='word_1_333' title='bbox 446 4090 603 4157; x_wconf 79' lang='grc' dir='ltr'><strong><em>πολλοί</em></strong></span> <span class='ocrx_word' id='word_1_334' title='bbox 624 4096 656 4156; x_wconf 85' lang='grc'><strong>61</strong></span> <span class='ocrx_word' id='word_1_335' title='bbox 675 4091 732 4170; x_wconf 91' lang='grc' dir='ltr'>ΙΙΙ,</span> <span class='ocrx_word' id='word_1_336' title='bbox 750 4099 776 4170; x_wconf 86' lang='grc'><strong>5,</strong></span> <span class='ocrx_word' id='word_1_337' title='bbox 796 4098 816 4158; x_wconf 98' lang='grc'>2</span> <span class='ocrx_word' id='word_1_338' title='bbox 836 4112 866 4175; x_wconf 91' lang='lat' dir='ltr'><strong>p.</strong></span> <span class='ocrx_word' id='word_1_339' title='bbox 890 4097 981 4159; x_wconf 83' lang='grc'>6526</span> <span class='ocrx_word' id='word_1_340' title='bbox 1002 4085 1055 4170; x_wconf 77' lang='grc' dir='ltr'><strong>ὦς</strong></span> <span class='ocrx_word' id='word_1_341' title='bbox 1074 4091 1117 4158; x_wconf 81' lang='grc' dir='ltr'><strong>δὲ</strong></span> <span class='ocrx_word' id='word_1_342' title='bbox 1140 4088 1277 4169; x_wconf 65' lang='grc' dir='ltr'><strong><em>οὕτως</em></strong></span> <span class='ocrx_word' id='word_1_343' title='bbox 1299 4093 1380 4158; x_wconf 88' lang='grc'>6661.</span> <span class='ocrx_word' id='word_1_344' title='bbox 1399 4093 1424 4172; x_wconf 90' lang='grc' dir='ltr'><strong>Ι,</strong></span> <span class='ocrx_word' id='word_1_345' title='bbox 1443 4097 1508 4172; x_wconf 85' lang='grc'><strong>8,2</strong></span> 
     </span>
     <span class='ocr_line' id='line_1_36' title="bbox 380 4189 1501 4285; baseline -0.003 -22"><span class='ocrx_word' id='word_1_346' title='bbox 380 4217 409 4280; x_wconf 86' lang='lat' dir='ltr'><strong>p.</strong></span> <span class='ocrx_word' id='word_1_347' title='bbox 432 4195 518 4263; x_wconf 84' lang='grc'>6251</span> <span class='ocrx_word' id='word_1_348' title='bbox 536 4189 661 4261; x_wconf 85' lang='grc' dir='ltr'><strong><em>τοότιυυ</em></strong></span> <span class='ocrx_word' id='word_1_349' title='bbox 685 4195 722 4262; x_wconf 80' lang='grc' dir='ltr'><strong>δὲ</strong></span> <span class='ocrx_word' id='word_1_350' title='bbox 742 4191 846 4274; x_wconf 73' lang='grc' dir='ltr'><strong><em>οὕτως</em></strong></span> <span class='ocrx_word' id='word_1_351' title='bbox 868 4190 1023 4278; x_wconf 78' lang='grc' dir='ltr'><strong><em>ἐχόντων,</em></strong></span> <span class='ocrx_word' id='word_1_352' title='bbox 1047 4195 1095 4273; x_wconf 89' lang='grc' dir='ltr'><strong>ΙΙ,</strong></span> <span class='ocrx_word' id='word_1_353' title='bbox 1118 4201 1151 4274; x_wconf 82' lang='lat'><strong>5,</strong></span> <span class='ocrx_word' id='word_1_354' title='bbox 1176 4201 1190 4260; x_wconf 94' lang='grc'><strong>1</strong></span> <span class='ocrx_word' id='word_1_355' title='bbox 1215 4215 1245 4278; x_wconf 91' lang='lat' dir='ltr'><strong>p.</strong></span> <span class='ocrx_word' id='word_1_356' title='bbox 1263 4195 1359 4263; x_wconf 85' lang='grc'>6396</span> <span class='ocrx_word' id='word_1_357' title='bbox 1381 4195 1501 4285; x_wconf 78' lang='grc' dir='ltr'><strong><em>ἐδρᾶτο</em></strong></span> 
     </span>
     <span class='ocr_line' id='line_1_37' title="bbox 384 4287 1509 4382; baseline 0 -19"><span class='ocrx_word' id='word_1_358' title='bbox 384 4295 421 4363; x_wconf 86' lang='grc' dir='ltr'><strong>δὲ</strong></span> <span class='ocrx_word' id='word_1_359' title='bbox 444 4291 560 4374; x_wconf 76' lang='grc' dir='ltr'><strong><em>οὕτως.</em></strong></span> <span class='ocrx_word' id='word_1_360' title='bbox 607 4295 748 4362; x_wconf 83' lang='lat' dir='ltr'><strong>Similem</strong></span> <span class='ocrx_word' id='word_1_361' title='bbox 769 4296 811 4362; x_wconf 93' lang='lat' dir='ltr'><strong>ad</strong></span> <span class='ocrx_word' id='word_1_362' title='bbox 835 4287 1013 4382; x_wconf 85' lang='lat' dir='ltr'><strong>analogiam</strong></span> <span class='ocrx_word' id='word_1_363' title='bbox 1035 4295 1168 4364; x_wconf 89' lang='lat' dir='ltr'><strong>emendo</strong></span> <span class='ocrx_word' id='word_1_364' title='bbox 1196 4297 1266 4362; x_wconf 81' lang='grc' dir='ltr'><strong>τόν</strong></span> <span class='ocrx_word' id='word_1_365' title='bbox 1299 4299 1345 4363; x_wconf 83' lang='grc' dir='ltr'><strong>δὲ</strong></span> <span class='ocrx_word' id='word_1_366' title='bbox 1375 4295 1395 4362; x_wconf 84' lang='lat' dir='ltr'><strong>b&#39;</strong></span> <span class='ocrx_word' id='word_1_367' title='bbox 1406 4322 1444 4362; x_wconf 84' lang='grc' dir='ltr'><strong>τι</strong></span> <span class='ocrx_word' id='word_1_368' title='bbox 1474 4299 1509 4363; x_wconf 92' lang='lat' dir='ltr'><strong>in</strong></span> 
     </span>
     <span class='ocr_line' id='line_1_38' title="bbox 382 4401 1509 4488; baseline 0 -19"><span class='ocrx_word' id='word_1_369' title='bbox 382 4402 487 4488; x_wconf 85' lang='lat' dir='ltr'><strong>Symp.</strong></span> <span class='ocrx_word' id='word_1_370' title='bbox 509 4401 541 4480; x_wconf 90' lang='grc' dir='ltr'><strong>Ι,</strong></span> <span class='ocrx_word' id='word_1_371' title='bbox 562 4407 597 4480; x_wconf 92' lang='grc'><strong>2,</strong></span> <span class='ocrx_word' id='word_1_372' title='bbox 619 4409 638 4468; x_wconf 90' lang='grc'>4</span> <span class='ocrx_word' id='word_1_373' title='bbox 667 4422 697 4485; x_wconf 89' lang='lat' dir='ltr'><strong>p.</strong></span> <span class='ocrx_word' id='word_1_374' title='bbox 721 4402 828 4482; x_wconf 91' lang='grc'>6176,</span> <span class='ocrx_word' id='word_1_375' title='bbox 848 4403 905 4468; x_wconf 90' lang='lat' dir='ltr'><strong>ubi</strong></span> <span class='ocrx_word' id='word_1_376' title='bbox 932 4404 980 4469; x_wconf 85' lang='lat' dir='ltr'><strong>ita</strong></span> <span class='ocrx_word' id='word_1_377' title='bbox 999 4403 1137 4469; x_wconf 76' lang='lat' dir='ltr'><strong>infertur</strong></span> <span class='ocrx_word' id='word_1_378' title='bbox 1164 4403 1267 4470; x_wconf 88' lang='lat' dir='ltr'><strong>oratio</strong></span> <span class='ocrx_word' id='word_1_379' title='bbox 1298 4403 1356 4471; x_wconf 87' lang='grc' dir='ltr'><strong>τὸν</strong></span> <span class='ocrx_word' id='word_1_380' title='bbox 1386 4404 1424 4472; x_wconf 79' lang='grc' dir='ltr'><strong>δὲ</strong></span> <span class='ocrx_word' id='word_1_381' title='bbox 1455 4401 1509 4470; x_wconf 84' lang='grc' dir='ltr'><strong>ότι</strong></span> 
     </span>
     <span class='ocr_line' id='line_1_39' title="bbox 381 4499 1507 4596; baseline 0 -23"><span class='ocrx_word' id='word_1_382' title='bbox 381 4506 493 4590; x_wconf 84' lang='grc' dir='ltr'><strong><em>μέσος,</em></strong></span> <span class='ocrx_word' id='word_1_383' title='bbox 518 4501 589 4572; x_wconf 90' lang='grc' dir='ltr'><strong>τόν</strong></span> <span class='ocrx_word' id='word_1_384' title='bbox 613 4499 641 4570; x_wconf 80' lang='grc' dir='ltr'><strong>δ’</strong></span> <span class='ocrx_word' id='word_1_385' title='bbox 663 4502 728 4571; x_wconf 85' lang='grc' dir='ltr'><strong>ὅτι</strong></span> <span class='ocrx_word' id='word_1_386' title='bbox 749 4500 828 4596; x_wconf 75' lang='grc' dir='ltr'><strong><em>παρ’</em></strong></span> <span class='ocrx_word' id='word_1_387' title='bbox 854 4503 954 4573; x_wconf 83' lang='grc' dir='ltr'><strong><em>αὑτόν</em></strong></span> <span class='ocrx_word' id='word_1_388' title='bbox 982 4507 1062 4575; x_wconf 87' lang='lat' dir='ltr'><strong>conl.</strong></span> <span class='ocrx_word' id='word_1_389' title='bbox 1085 4507 1143 4587; x_wconf 67' lang='lat' dir='ltr'>III,</span> <span class='ocrx_word' id='word_1_390' title='bbox 1169 4515 1193 4587; x_wconf 90' lang='lat'><strong>1,</strong></span> <span class='ocrx_word' id='word_1_391' title='bbox 1215 4513 1235 4576; x_wconf 85' lang='grc'>2</span> <span class='ocrx_word' id='word_1_392' title='bbox 1257 4529 1286 4591; x_wconf 93' lang='lat' dir='ltr'><strong>p.</strong></span> <span class='ocrx_word' id='word_1_393' title='bbox 1307 4513 1400 4576; x_wconf 86' lang='grc'>6466</span> <span class='ocrx_word' id='word_1_394' title='bbox 1428 4505 1507 4575; x_wconf 90' lang='grc' dir='ltr'><strong><em>σκό-</em></strong></span> 
     </span>
     <span class='ocr_line' id='line_1_40' title="bbox 383 4607 1504 4703; baseline 0.004 -27"><span class='ocrx_word' id='word_1_395' title='bbox 383 4633 440 4676; x_wconf 85' lang='grc' dir='ltr'><strong>πει</strong></span> <span class='ocrx_word' id='word_1_396' title='bbox 462 4611 498 4678; x_wconf 85' lang='grc' dir='ltr'><em>δὲ</em></span> <span class='ocrx_word' id='word_1_397' title='bbox 521 4607 588 4691; x_wconf 81' lang='grc' dir='ltr'><strong><em>ότι,</em></strong></span> <span class='ocrx_word' id='word_1_398' title='bbox 612 4610 644 4690; x_wconf 92' lang='grc' dir='ltr'><strong>Ι,</strong></span> <span class='ocrx_word' id='word_1_399' title='bbox 666 4615 685 4678; x_wconf 86' lang='grc'>3</span> <span class='ocrx_word' id='word_1_400' title='bbox 706 4632 736 4695; x_wconf 90' lang='lat' dir='ltr'><strong>p.</strong></span> <span class='ocrx_word' id='word_1_401' title='bbox 757 4616 852 4679; x_wconf 84' lang='grc'>6196</span> <span class='ocrx_word' id='word_1_402' title='bbox 876 4610 1029 4703; x_wconf 73' lang='grc' dir='ltr'><strong><em>δεύτερον</em></strong></span> <span class='ocrx_word' id='word_1_403' title='bbox 1057 4613 1093 4680; x_wconf 82' lang='grc' dir='ltr'><strong>δὲ</strong></span> <span class='ocrx_word' id='word_1_404' title='bbox 1117 4610 1178 4694; x_wconf 83' lang='grc' dir='ltr'><strong><em>ότι,</em></strong></span> <span class='ocrx_word' id='word_1_405' title='bbox 1202 4614 1235 4695; x_wconf 92' lang='grc' dir='ltr'><strong>Ι,</strong></span> <span class='ocrx_word' id='word_1_406' title='bbox 1258 4618 1294 4695; x_wconf 85' lang='grc'><strong>8,</strong></span> <span class='ocrx_word' id='word_1_407' title='bbox 1317 4620 1385 4700; x_wconf 72' lang='grc'>31).</span> <span class='ocrx_word' id='word_1_408' title='bbox 1408 4614 1504 4683; x_wconf 89' lang='grc'>6261)</span> 
     </span>
    </p>
   </div>
   <div class='ocr_carea' id='block_1_3' title="bbox 0 0 1772 5392">
    <p class='ocr_par' dir='ltr' id='par_1_3' title="bbox 0 0 1772 5392">
     <span class='ocr_line' id='line_1_41' title="bbox 0 0 1772 5392; baseline 0 1"><span class='ocrx_word' id='word_1_409' title='bbox 0 0 1772 5392; x_wconf 95' lang='lat' dir='ltr'><strong> </strong></span> 
     </span>
    </p>
   </div>
  </div>
 </body>
</html>
