3534 5392
911 467 1107 528 ...4-

446 624 527 703 lum,
545 624 632 710 quod
649 625 801 694 Imcnha
828 627 870 694 ab
895 627 1023 696 aedituo
1053 628 1089 694 in
1116 628 1265 696 Herculis
1290 651 1382 696 usum
1409 628 1595 709 conducta,

445 732 528 798 miro
557 731 701 815 profecto
730 733 876 798 acumine
902 738 970 798 tum
1002 734 1156 817 temporis
1183 738 1307 800 νιονισκνα
1332 736 1450 816 femma
1477 733 1593 798 finisse

449 835 661 922 significatur,
690 857 762 902 cum
790 837 982 919 praesertim
1008 843 1041 904 et
1072 840 1172 906 ceteri
1195 860 1304 906 omnes
1329 845 1362 906 et
1386 839 1592 906 Plutarchus

447 938 481 1002 in
502 939 603 1005 altero
635 938 705 1005 loco
734 941 929 1007 contrariam
957 947 1118 1009 sectentur
1147 946 1338 1012 sententiam
1365 950 1398 1011 ct
1427 950 1585 1011 constan·

447 1039 604 1106 tissimam
635 1041 732 1107 etiam
765 1045 802 1106 ut
838 1041 966 1108 videtin
995 1043 1157 1110 annalium
1186 1045 1439 1112 affirmationem.
1489 1043 1590 1110 Dicit

447 1145 532 1210 euim
552 1145 573 1210 l
592 1145 614 1210 l
634 1145 739 1211 verbis
757 1145 890 1213 minime
912 1147 1069 1212 obscuris:
1094 1151 1167 1225 ταῖς
1187 1140 1244 1214 οὖν
1271 1145 1493 1238 προκλήσεσιν
1518 1144 1587 1230 ἒμ-
1623 1189 1629 1198 ·

446 1251 554 1333 μένων
580 1245 748 1337 τράπεζάν
773 1273 810 1316 τε
838 1251 1076 1340 λαμπροτέραν
1104 1249 1335 1341 παρεσκεύασε
1358 1255 1406 1338 τῷ
1428 1253 1498 1336 θεῷ
1521 1249 1583 1314 καὶ

447 1350 507 1438 τὴν
521 1349 716 1441 Λαρεντίαν
737 1353 946 1443 παραλαβών
968 1353 1165 1442 ἐμφανῶς
1188 1343 1449 1445 ἑταιροῦσαν
1472 1350 1583 1420 εἱστί-

449 1479 527 1536 ασε,
557 1456 745 1542 quibuscum
772 1456 966 1523 adamussim
994 1477 1095 1539 paene
1126 1459 1309 1541 conspirant
1336 1456 1517 1524 Macrobius
1547 1461 1584 1520 et

447 1558 652 1644 Augustinus
676 1578 810 1642 quorum
831 1557 925 1625 alteri
947 1559 1130 1626 Larentiam
1153 1581 1337 1643 nuncupare
1358 1559 1480 1642 placuit
1500 1559 1582 1622 nubi-

450 1667 599 1728 liecimum
627 1665 662 1726 id
687 1669 826 1747 temporat
854 1671 997 1742 scortum,
1026 1664 1119 1730 altori
1147 1668 1356 1730 aobilrircimom
1385 1667 1581 1740 meretricem,

449 1763 565 1848 quibus
588 1784 652 1828 non
678 1763 892 1848 obloquuntur
913 1764 1034 1832 Gellius
1047 1765 1108 1845 VI,
1141 1774 1160 1833 7
1185 1772 1218 1844 et
1239 1766 1425 1833 Lactantius
1446 1764 1523 1830 Inst
1553 1763 1581 1840 1,

450 1873 507 1947 20„
528 1889 719 1954 quamquam
739 1890 804 1934 non
824 1869 995 1935 admodum
1016 1870 1194 1938 luculentus
1214 1872 1329 1938 harum
1349 1891 1456 1938 rerum
1476 1868 1582 1944 testis.

451 1973 571 2041 Verum
599 1975 678 2041 haec
700 1977 813 2040 omitto
833 1982 870 2040 ut
890 1976 1041 2062 ambigua
1062 1983 1095 2042 et
1116 1978 1151 2042 in
1173 1983 1320 2044 neutram
1346 1981 1470 2059 partem
1496 1973 1576 2040 vali-

450 2087 531 2148 tura
574 2082 679 2165 Atque
701 2102 738 2146 eo
760 2081 890 2165 quidem
912 2083 1070 2148 mehercle
1088 2105 1180 2149 nemo
1202 2083 1370 2168 confugere
1393 2081 1490 2159 volet,
1512 2099 1579 2164 quo

450 2196 544 2274 aptae
566 2189 787 2272 explicationis
808 2190 1028 2272 desperatione
1050 2191 1190 2276 confligit
1205 2191 1404 2270 Schacserus,
1424 2195 1461 2254 ut
1477 2182 1574 2252 οὔπω

451 2295 600 2383 ἐπιφανῆ
624 2295 741 2380 opponi
762 2301 894 2377 putaret
919 2296 1021 2363 famae
1047 2297 1240 2377 celebritati,
1271 2319 1380 2383 quam,
1408 2300 1577 2379 postquam

452 2399 603 2465 larentia
623 2398 775 2481 populum
790 2399 970 2465 Romanum
991 2401 1146 2467 bonorum
1165 2400 1315 2468 heredem
1336 2401 1475 2483 scripsit,
1493 2399 1572 2464 libe-

449 2499 561 2566 raliter
581 2499 611 2565 ei
630 2498 785 2565 tributam
805 2499 902 2566 firisse
920 2500 1029 2566 multis
1048 2500 1175 2568 demum
1195 2503 1371 2570 interiectis
1389 2502 1493 2569 verbis
1516 2499 1571 2566 ad-

450 2604 590 2670 curatius
610 2602 759 2670 docemur
777 2603 877 2671 infra:
902 2605 1031 2690 λέγεται
1057 2607 1093 2672 δὲ
1114 2601 1216 2695 αὖιῆν
1236 2603 1370 2686 ἔνδοξον
1387 2598 1489 2672 οὖσαν
1509 2597 1570 2692 ἤδη

451 2708 508 2774 καὶ
530 2708 682 2796 θεοφιλῆ
703 2708 920 2796 νομιζομένην
949 2702 1062 2797 ἀφανῆ
1086 2711 1245 2797 γενέσθαι
1273 2711 1352 2800 περὶ
1379 2712 1497 2775 τοῦτον
1517 2705 1572 2773 τὸν

451 2811 580 2879 τόπον·
611 2812 703 2890 Quod
724 2814 829 2895 siper
842 2835 876 2879 se
894 2835 1008 2896 parum
1031 2815 1182 2883 credibile
1198 2837 1266 2882 esse
1284 2815 1400 2894 dicam,
1418 2813 1512 2902 facile
1521 2833 1571 2877 me

451 2919 511 2986 hoc
532 2919 792 3004 intellegentibus
812 2920 1020 3002 probaturum
1046 2944 1113 2989 esse
1141 2922 1264 2989 confido
1293 2929 1326 2989 et
1348 2923 1374 2987 si
1395 2921 1446 2988 cui
1467 2926 1572 2986 tamen

450 3021 533 3087 forte
555 3018 809 3103 persuadebitur,
837 3022 898 3086 hoc
920 3023 1032 3090 saltem
1053 3024 1266 3089 confitendum
1288 3023 1364 3102 erit,
1392 3041 1572 3105 perversum

451 3127 546 3212 plane
561 3147 628 3192 esse
646 3125 800 3192 eiusmodi
815 3126 1037 3210 descriptionis
1052 3129 1208 3208 ordinem,
1227 3131 1262 3194 in
1281 3133 1372 3194 tanta
1387 3126 1571 3211 praescium

451 3233 644 3301 narrationis
657 3232 872 3316 simplicitate,
891 3255 953 3319 quo
968 3235 1046 3319 quid
1066 3236 1113 3302 ite
1127 3228 1303 3318 exponitur,
1328 3237 1364 3297 ut
1378 3235 1572 3315 pertractata

450 3340 578 3408 demum
589 3338 685 3423 longa
697 3338 866 3404 verborum
882 3340 963 3406 serie
983 3361 1120 3424 quonam
1137 3359 1230 3405 sensu
1245 3336 1465 3419 accipiendum
1479 3334 1572 3400 horit

450 3448 710 3515 commoneantur
731 3442 874 3508 lectores.
926 3445 1030 3529 Atque
1051 3445 1104 3510 hic
1125 3443 1255 3529 quidem
1276 3443 1436 3508 dissensus
1457 3441 1490 3505 in
1509 3461 1571 3504 uuo

451 3552 625 3634 eodemque
647 3547 801 3629 scriptore
823 3552 914 3613 tanto
934 3549 1006 3630 plus
1028 3548 1125 3614 habet
1154 3547 1347 3624 offensionis,
1375 3545 1523 3630 quoniam
1543 3543 1571 3607 si

450 3653 602 3720 adcurate
623 3647 845 3731 conparaveris
871 3648 1037 3732 utriusque
1059 3648 1121 3712 loci
1145 3647 1297 3713 orationis
1321 3644 1457 3710 colorem
1478 3649 1569 3726 atque

451 3753 611 3830 habitum,
637 3750 691 3815 vix
711 3749 874 3835 ambigere
903 3750 1036 3831 poteris,
1067 3749 1146 3835 quin
1165 3748 1313 3815 Vitarum
1340 3747 1427 3812 locus
1457 3746 1569 3810 sinon

452 3881 491 3925 ex
516 3856 737 3942 quaestionum
761 3853 920 3938 farragine
948 3853 1203 3940 adumbratus*),
1232 3857 1267 3918 at
1296 3855 1382 3916 certe
1404 3871 1444 3915 ex
1464 3847 1569 3914 eodem

451 3963 582 4046 antiquo
610 3960 765 4040 scriptore
793 3958 840 4024 ita
870 3958 914 4023 sit
941 3957 1115 4037 derivatus,
1146 3962 1184 4022 ut
1211 3955 1347 4022 alterum
1374 3953 1416 4018 ad
1443 3951 1569 4020 alteriue

451 4065 626 4134 orationem
647 4060 855 4146 supplendam
883 4061 1002 4144 optime
1032 4061 1185 4128 adhibere
1206 4047 1315 4141 possis.
1368 4053 1478 4140 Neque
1498 4075 1564 4139 pro-

451 4205 656 4218 ...ο--συοκ

441 4286 445 4292 ’
519 4271 547 4339 *)
569 4273 608 4324 Ad
628 4270 801 4334 boemianos
827 4283 948 4321 romanas
973 4270 999 4321 in
1024 4269 1075 4320 alia
1094 4281 1174 4320 causa
1197 4265 1308 4316 lectores
1327 4263 1399 4314 reicit
1418 4259 1566 4314 Plutarchus

450 4360 476 4409 ln
491 4357 586 4409 eudem
598 4353 702 4406 Romuli
715 4354 769 4405 vita
780 4368 803 4406 c.
813 4354 854 4417 15,
868 4369 894 4419 p.
907 4354 975 4406 lde:
994 4353 1063 4406 ἔνιοι
1080 4351 1111 4403 di
1130 4352 1242 4420 λέγουσι
1257 4350 1304 4400 καὶ
1319 4344 1348 4398 τὸ
1363 4343 1413 4414 τὴν
1425 4341 1514 4418 κόμην
1524 4347 1566 4414 τῆς

448 4440 629 4508 γαμουμένης
645 4437 732 4507 αἰχμῇ
748 4435 942 4505 διακρίνεσθαι
955 4436 1086 4507 depastae
1099 4428 1242 4504 σύμβολον
1253 4425 1324 4485 εἶναι
1336 4433 1386 4483 τοῦ
1403 4429 1473 4501 μετὰ
1482 4426 1566 4502 μάχης

449 4525 498 4576 καὶ
514 4521 672 4592 πολεμικῶς
691 4518 742 4573 τὸν
758 4522 873 4593 πρῶτον
898 4517 993 4591 γάμον
1009 4524 1155 4589 γενέσθαι·
1179 4521 1244 4593 περὶ
1262 4507 1302 4573 ὦν
1321 4517 1453 4573 intuitur
1470 4518 1500 4574 ἐν
1516 4523 1567 4578 τοῖς

449 4613 587 4672 Αἰτίοις
603 4603 761 4686 εἰρήκαμεν.
