3534 5392
805 495 1019 559 ..70-

355 657 503 748 λύπορον
524 658 562 724 τὸ
587 661 682 743 σῶμα
705 657 761 725 καὶ
782 657 887 742 μανὸν
909 653 1197 748 ύπειργασαμένη,
1223 656 1329 723 πολύν
1352 656 1482 738 δέχεται

355 762 412 829 τὸν
425 759 552 842 ἔξωθεν
575 757 658 853 ἇέρα
681 762 736 830 καὶ
755 765 950 853 βιαιοτέραν
970 768 1063 830 ποιεῖ
1082 762 1141 852 τῇτ
1156 760 1354 849 μεταβολήν·
1378 758 1481 828 ὅταν

358 859 426 934 οὖν
457 863 724 956 ὑποπλασθῇ
761 863 841 934 ὑπὸ
871 870 944 955 τῆς
974 870 1106 956 πηγῇς
1136 863 1181 931 τὸ
1207 862 1319 953 ὕδωρ
1359 863 1400 929 έν
1428 864 1482 949 τῷ

358 965 449 1060 ἀέρι
488 973 840 1060 προθερμανθὲν,
877 970 1168 1061 περιψύχεται
1206 970 1376 1052 ταχέως.
1440 967 1479 1031 In

357 1073 408 1137 his
435 1072 572 1155 primum
598 1077 670 1155 post
700 1069 1034 1161 παρασκευαζόμενοι
1056 1072 1181 1155 plenius
1201 1070 1406 1137 incidendum
1424 1073 1480 1147 est,

357 1182 426 1241 tum
448 1178 560 1243 elibro
574 1175 708 1242 Vindob.
725 1176 831 1242 nescio
846 1197 888 1242 an
905 1199 969 1242 non
990 1177 1222 1243 emendandum
1243 1177 1286 1241 sit
1308 1171 1388 1239 ὅταν
1407 1171 1481 1260 γὰρ

360 1273 493 1364 ἑψηθῇ,
525 1276 661 1362 deniquo
682 1298 740 1360 pro
763 1271 976 1365 ὑποπλασθῇ
1004 1272 1071 1342 ὑπὸ
1094 1281 1153 1364 τῇς
1175 1279 1282 1364 πηγῇς
1312 1276 1368 1342 alii
1388 1273 1483 1351 aliud,

358 1383 544 1478 Maziriacus
557 1388 664 1448 autem
678 1376 895 1470 ἀποσπασθῇ
911 1375 980 1448 ἀπὸ
1002 1387 1059 1470 τῆς
1074 1385 1178 1470 πηγῇς
1194 1381 1394 1448 scribendum
1410 1401 1482 1445 con-

358 1490 442 1569 iecit,
465 1489 556 1573 quod,
579 1490 638 1554 etsi
655 1495 830 1555 ceterorum
852 1489 1016 1554 conatibus
1038 1489 1281 1571 praeferendum
1294 1493 1355 1566 est,
1376 1492 1484 1552 tamen
1555 1559 1561 1566 ,

359 1613 417 1656 nec
436 1593 541 1673 ipsum
562 1595 692 1673 propter
713 1591 836 1656 hiatum
858 1591 989 1672 probari
1009 1595 1121 1673 potest.
1164 1590 1321 1676 Equidem
1339 1612 1402 1656 non
1425 1588 1480 1653 du-

359 1695 441 1771 bito,
472 1695 549 1779 quin
570 1695 617 1758 ita
634 1695 731 1760 verba
752 1693 794 1760 ad
812 1695 969 1760 saniorem
998 1696 1154 1760 rationem
1180 1695 1320 1761 revocari
1340 1681 1482 1759 'debeant

361 1795 441 1864 ὅταν
474 1789 531 1863 οὗν
563 1793 849 1865 ὑποσπασθὲν
882 1791 964 1864 ἀπὸ
998 1801 1069 1884 τῇς
1103 1801 1237 1886 πηγῇς
1268 1797 1361 1880 (Cod.
1389 1796 1485 1862 Vind.

361 1900 502 1988 πληγῇς)
519 1899 557 1964 τύ
577 1897 666 1990 ὕδωρ
685 1899 719 1966 έν
740 1903 786 1987 τιῇ
807 1892 881 1988 ύέρι
905 1903 1236 1988 προθερμανθῇ,
1260 1897 1484 1987 περιψύχεται

358 2004 497 2085 ταχέως,
528 2005 642 2088 quibus
670 2003 889 2089 composuerim
907 2004 986 2069 Plut.
1017 2002 1057 2069 de
1078 2005 1139 2070 def.
1170 2026 1252 2072 orac.
1283 2025 1312 2086 p.
1337 2009 1427 2071 aloe
1455 2000 1484 2067 ai

359 2105 417 2172 τὸν
447 2101 531 2196 ύέρα
560 2133 611 2186 τις
642 2102 755 2174 ολνέλοι
785 2106 841 2173 καὶ
870 2102 1083 2174 ὑποσπάσειε
1107 2107 1163 2176 τὸν
1191 2108 1315 2192 μεταξύ
1345 2110 1402 2196 γῇς
1429 2106 1485 2175 καὶ

361 2211 513 2298 σελήνης,
538 2212 596 2300 τῇν
619 2209 756 2298 έιύτιγτα
780 2213 942 2279 διαλύσει.
1002 2283 1004 2287 ,

444 2317 534 2384 Alter
554 2319 655 2396 locus,
677 2341 868 2403 quamquam
887 2321 927 2385 de
949 2321 1009 2385 hoc
1031 2343 1145 2406 magna
1165 2328 1333 2404 praeterea
1350 2326 1481 2405 propter

359 2421 488 2485 lacunas
518 2427 565 2486 est
591 2421 761 2500 dubitatio,
791 2422 909 2508 legitur
936 2424 1018 2489 libro
1047 2425 1107 2502 IV,
1130 2432 1165 2503 5,
1190 2430 1208 2491 3
1231 2446 1261 2506 p.
1285 2430 1380 2493 670e.
1433 2425 1483 2490 Ibi

361 2523 509 2588 scribitur
529 2525 563 2588 in
582 2523 742 2590 codicibus
764 2531 917 2609 quantum
935 2526 999 2590 scio
1019 2527 1164 2591 omnibus
1184 2520 1254 2590 οὐδ’
1276 2527 1321 2566 **
1345 2521 1485 2609 ύΛαμ-

361 2625 464 2715 πρίας
484 2623 552 2694 ὑπο
574 2630 618 2670 **
640 2622 725 2694 ἄλλα
747 2629 878 2715 λαγωοῦ
898 2631 943 2671 **
963 2653 1019 2694 ται
1043 2629 1128 2708 κτλ,
1165 2628 1206 2694 ad
1228 2651 1308 2712 quae
1336 2652 1420 2708 oum,
1448 2635 1486 2694 ut

359 2729 440 2794 aliae
455 2729 573 2795 multae
588 2752 782 2814 magnaeque
801 2737 874 2795 sunt
895 2731 989 2795 huius
1003 2730 1196 2813 quaestionis
1211 2729 1351 2808 lacunae,
1373 2731 1483 2796 eadem

360 2829 527 2893 manifesto
558 2830 707 2895 lacunosa
727 2832 791 2894 sint
812 2831 967 2914 aliterque
988 2832 1028 2895 ab
1050 2830 1123 2895 aliis
1143 2835 1313 2912 temptata,
1336 2832 1484 2898 Reiskius

359 2931 626 3013 ingeniosissimas
658 2930 786 3015 quidem
826 2932 881 3016 sed
919 2937 1050 3015 propter
1081 2933 1206 2998 hiatum
1238 2940 1348 3017 aperte
1388 2935 1484 3002 falsas

310 3073 313 3082 .
359 3038 554 3103 oonieotmas
577 3039 742 3120 proposuit
764 3031 802 3102 ού
819 3039 914 3124 δῆτα,
940 3033 1005 3124 ἔφη
1029 3033 1257 3126 ύΛαμπριάς
1281 3034 1482 3123 ύπολαβιύν·

360 3137 445 3206 ἀλλὰ
466 3145 527 3207 τοῦ
549 3143 609 3221 μέν
631 3143 761 3230 λαγωοῦ
784 3137 967 3224 ἀπέχονται
997 3143 1064 3207 κτλ.
1108 3143 1265 3227 Equidem
1292 3182 1326 3190 -
1347 3167 1421 3210 nam
1443 3145 1483 3212 de

358 3249 516 3314 sententia
534 3250 700 3315 verborum
720 3254 794 3331 post
814 3248 923 3330 priora
943 3247 1031 3313 nulla
1045 3247 1158 3330 opinor
1177 3253 1282 3330 potest
1302 3271 1369 3314 esse
1391 3248 1480 3315 dubi-

358 3354 438 3418 tatio
448 3353 478 3440 ²¹²)
498 3391 533 3402 ·-
550 3377 615 3418 una
635 3355 745 3420 littera
764 3354 879 3418 leniter
900 3359 1023 3418 mutata
1044 3355 1211 3441 certiorem
1232 3354 1484 3421 emendationem

358 3459 438 3522 mihi
460 3459 590 3524 videbar
610 3459 767 3524 invenisse
789 3456 975 3542 corrigendo
1006 3453 1079 3522 ούκ
1109 3450 1222 3548 ὀρθῶς
1243 3457 1366 3545 λέγεις,
1392 3452 1484 3526 εἶπεν

357 3559 549 3650 Λαμπρίας
575 3557 772 3645 ὑπολαβών,
811 3544 898 3626 ἄλλα
919 3564 977 3626 τοῦ
1003 3561 1064 3643 μέν
1086 3562 1220 3648 λαγωοῦ
1251 3560 1483 3648 φείδονται

358 3667 435 3742 κτλ,
459 3688 521 3749 quo
544 3672 576 3732 et
597 3667 720 3732 hiatum
740 3668 823 3732 evito
843 3666 1078 3732 intolerabilem
1099 3670 1132 3730 et
1143 3664 1223 3730 illud
1241 3667 1374 3732 restituo
1396 3666 1481 3752 quod

361 3773 393 3832 et
419 3768 553 3836 totidem
580 3792 652 3835 oum
679 3771 741 3835 isto
770 3770 870 3836 altero
893 3770 992 3836 habet
1016 3770 1141 3835 litteras
1169 3774 1202 3835 et
1230 3776 1377 3837 constans
1398 3794 1481 3838 com-

356 3871 486 3936 mendat
514 3873 677 3955 scriptoris
704 3873 897 3939 consuetudo
923 3873 1000 3958 (cfr.
1026 3873 1130 3958 Symp.
1153 3874 1207 3951 IV,
1231 3881 1264 3953 4,
1286 3883 1306 3941 4
1334 3899 1364 3959 p.
1388 3883 1482 3944 6690

357 3971 394 4049 V,
417 3980 447 4046 7,
473 3978 543 4055 3p.
566 3975 754 4058 cardeto.)
804 3975 843 4038 In
872 3975 1024 4057 proximis
1054 3997 1134 4059 quae
1166 3973 1207 4039 ad
1239 3976 1386 4042 lacunam
1415 3999 1480 4042 sar-

356 4072 500 4138 ciendam
527 4076 668 4156 prolatae
701 4082 773 4142 sunt
804 4079 1008 4160 suspitiones,
1042 4078 1122 4142 mihi
1152 4078 1282 4160 quidem
1312 4101 1377 4145 non
1406 4081 1483 4146 satis

424 4340 451 4408 *l
473 4345 571 4394 Moneo
589 4341 641 4393 hoc
660 4344 694 4396 ob
713 4343 778 4396 alias
797 4343 908 4396 aliorum
928 4345 1107 4408 coniecturas,
1127 4343 1206 4395 veluti
1225 4344 1338 4398 Turnob.
1358 4351 1385 4397 et
1404 4345 1482 4398 Vulo.

356 4427 413 4482 οὐδ’
433 4426 540 4500 ἀλόγως
558 4430 612 4500 ἔφη
630 4427 644 4483 ὁ
663 4434 818 4503 Λαμπρίας
835 4433 878 4484 vel
897 4433 1022 4498 Scaligeri
1038 4430 1147 4496 (Epistul
1171 4432 1217 4497 lll‚
1237 4433 1286 4484 232
1305 4448 1330 4500 p.
1342 4434 1404 4499 498)
1424 4433 1481 4486 οὐδ’

354 4514 410 4570 ἀπὸ
429 4514 533 4589 τρόπου
553 4514 607 4571 add
629 4519 703 4571 ἐστὶν
721 4519 775 4590 ἔφη
794 4517 807 4572 ὁ
827 4523 879 4587 Λ.,
899 4535 974 4586 quae,
994 4535 1054 4570 cum
1072 4524 1161 4584 aparte
1174 4520 1331 4586 obloquatur
1348 4516 1497 4590 Lamprus

354 4604 506 4674 Callistrato,
526 4623 541 4659 a
559 4623 626 4660 nexu
643 4610 828 4662 sententiarum
846 4625 954 4677 prorsus
972 4607 1123 4662 abhorrent.
