3534 5392
769 480 985 544 ..53-

301 636 342 704 de
361 637 424 706 hac
443 660 481 708 re
500 640 688 724 explicatim
709 640 788 708 alibi
809 640 1102 710 commentabimur.
1138 639 1230 708 Nunc
1252 641 1433 724 exemplum

301 752 455 819 promam
498 739 549 806 Ita
575 741 703 825 quando
726 746 875 824 soporata
896 762 974 824 opus
997 741 1059 808 erit
1080 740 1155 822 offa,
1177 741 1205 808 si
1224 742 1341 808 iustam
1360 743 1432 826 quis

301 864 492 929 cognoscere
512 847 591 913 velit
618 847 839 916 medicaminis
860 851 1046 927 dilutionem,
1070 869 1109 916 ne
1138 854 1286 934 aegrotus
1308 849 1432 916 seilicet

274 1004 278 1012 .
298 951 394 1013 acuta
413 969 510 1031 qnam
529 948 641 1015 dicunt
660 950 808 1032 apoplexi
825 949 1119 1032 corripiatur,haud
1132 951 1301 1034 inportune
1318 949 1427 1018 memi-

297 1052 383 1116 nerit
403 1051 484 1117 Plut
504 1050 610 1138 Symp.
632 1052 698 1132 111,
717 1056 746 1132 8,
767 1058 788 1119 2
810 1073 840 1136 p.
863 1052 950 1120 coel
971 1052 1025 1118 καί
1047 1055 1112 1116 τῶν
1134 1046 1326 1118 ὑπνωτικῶν
1347 1047 1432 1118 ἔνιοι

297 1155 457 1242 λαβόντες
470 1157 633 1247 ἐνδοτέρω
650 1151 711 1225 τσῦ
724 1157 871 1247 μετρίου,
890 1159 1194 1249 θωρυβιυὸέστερσν
1210 1149 1430 1225 διατίθενται·

299 1260 403 1326 πλέον
433 1262 470 1327 δὲ
489 1260 659 1345 λαβόντες
689 1258 817 1340 ἔνιοι,
847 1261 1080 1329 καθεύδουσιν.
1132 1262 1223 1342 Quod
1244 1263 1278 1328 in
1306 1263 1357 1328 his
1378 1263 1425 1328 di·

300 1368 426 1434 stinctis
440 1369 559 1436 litteris
579 1369 758 1452 inpressum
780 1374 842 1448 est,
866 1368 978 1450 Iteiski
999 1368 1214 1436 admonitione
1233 1369 1359 1436 adiutus
1377 1391 1425 1436 se·

296 1470 488 1536 cludendum
507 1471 697 1554 putaverim,
724 1476 834 1554 utpote
861 1470 1014 1538 orationis
1034 1471 1303 1555 coagmentandae
1330 1493 1425 1538 causa

296 1572 337 1639 ab
357 1573 586 1656 interpolatore
606 1575 814 1658 adscriptum,
836 1575 935 1642 ctiam
956 1575 990 1640 in
1010 1575 1165 1658 proximis
1186 1575 1424 1660 quaestionibus

294 1677 357 1744 nisi
378 1679 560 1745 coniectura
588 1678 673 1744 fallit
693 1677 803 1744 multis
824 1677 925 1744 modis
947 1681 1097 1763 maseato
1150 1675 1232 1743 Nam
1255 1678 1423 1761 quominus

293 1782 512 1868 dittographia
539 1784 700 1865 innectum
731 1782 875 1860 credam,
905 1781 1054 1866 inpedior
1084 1780 1203 1865 insigni
1232 1780 1318 1862 apud
1348 1781 1419 1846 Plu-

220 1913 228 1920 ·
291 1887 439 1954 tarchum
465 1887 560 1952 huius
588 1887 658 1952 vitii
687 1886 829 1952 raritate.
880 1885 926 1951 Ac
956 1884 1081 1950 videtur
1109 1905 1185 1950 sane
1212 1883 1273 1950 hoc
1294 1884 1418 1952 addita·

292 1996 435 2057 mentum
457 1990 598 2057 eiusdem
618 1988 758 2056 fabricae
779 1989 877 2067 esse,'
891 1987 932 2054 ad
960 2010 1056 2072 qnam
1078 1987 1213 2054 mirifica
1235 1988 1330 2054 lectio
1352 1989 1419 2055 cod.

291 2091 386 2157 Vind.
414 2092 582 2160 referenda
607 2092 716 2158 estin
742 2092 926 2176 quaestione
958 2113 983 2158 o.
1013 2099 1040 2171 7,
1070 2097 1089 2158 2
1118 2113 1191 2177 pag.
1222 2098 1320 2160 656a
1353 2099 1419 2160 τῶν

292 2190 325 2261 ‹l’
346 2193 469 2284 ἰατρῶν
495 2222 588 2274 τινας
611 2196 701 2280 λέγει
728 2193 805 2274 τοὺς
829 2196 932 2262 πλέον
957 2194 1097 2274 πιόντας
1125 2191 1270 2262 κελεύειν
1296 2196 1419 2280 [iaciat

292 2287 365 2360 εἶτα
383 2293 464 2360 ὅταν
483 2296 631 2378 μέλλωσι
652 2292 839 2373 καθεύδειν,
864 2288 966 2383 ἔριον
985 2292 1032 2373 εἰς
1050 2297 1126 2375 μέλι
1149 2295 1417 2388 καταβάψαντας

291 2395 455 2484 ἐμφαγεῖν
475 2392 647 2475 ἔδοσαν,
672 2417 753 2480 qnae
773 2417 836 2480 quo
851 2401 945 2478 pacto
959 2396 1045 2464 inter
1060 2419 1093 2464 se
1109 2397 1271 2463 conciliari
1294 2399 1418 2480 possint

290 2519 355 2564 non
375 2499 481 2578 video,
509 2499 664 2566 videbunt
690 2499 824 2566 fortasse
851 2501 1017 2592 acutiores
1067 2500 1204 2566 Videtur
1225 2506 1346 2580 autem,
1377 2525 1417 2568 ne

288 2605 502 2688 scrupulosius
522 2626 688 2690 quaeram,
718 2601 839 2670 ἔδοσαν
861 2603 943 2670 nihil
964 2601 1051 2670 aliud
1072 2604 1134 2669 nisi
1156 2603 1296 2670 nasutuli
1317 2605 1413 2670 inter-

287 2706 441 2789 polatoris
469 2705 715 2783 animadversio,'
741 2703 797 2788 qni
819 2725 891 2769 oum
911 2724 969 2787 per
991 2725 1131 2770 errorem
1159 2704 1309 2769 omissum
1334 2710 1417 2771 esset

288 2809 398 2892 ἐμεῖν,
429 2810 572 2878 Macrobi
603 2810 733 2876 demum
760 2828 820 2891 ope
846 2814 1082 2898 recuperatum,
1118 2810 1214 2877 verba
1245 2831 1310 2875 non
1333 2810 1415 2877 bene

288 2914 373 2980 coire
401 2914 573 2988 sentiebat„
610 2913 657 2984 Ut
685 2933 780 2978 cansa
807 2911 995 2980 adiectionis
1033 2913 1112 2981 haec
1137 2913 1235 2980 fuisse
1263 2914 1415 2996 videatur,

286 3018 371 3102 quod
400 3019 522 3086 scribae
552 3023 691 3086 mentem
716 3017 751 3082 in
777 3017 869 3084 libris
898 3021 1092 3089 medicorum
1119 3023 1326 3088 versatissimi
1357 3047 1412 3091 no-

284 3122 409 3190 tissima
434 3123 498 3190 ista
517 3123 683 3190 subierunt
705 3115 821 3188 δοῦναι
844 3130 950 3203 πιεῖν,
982 3130 1100 3210 φαγεῖν
1130 3127 1248 3192 similia
1267 3128 1414 3210 plurima,

285 3247 477 3311 quamquam
504 3249 544 3292 ne
570 3227 619 3292 ita
639 3225 768 3312 quidem
798 3225 880 3293 citra
900 3228 1022 3294 altioris
1041 3229 1180 3297 vulneris
1207 3233 1414 3314 suspitionem

287 3331 446 3398 adiectum
467 3353 535 3399 esse
556 3333 667 3401 fateor.

266 3496 270 3500 Α
370 3457 486 3523 Statim
506 3465 680 3544 sequuntur
701 3462 780 3528 haec
799 3458 889 3538 εἰκὸς
913 3459 950 3525 (λέ
968 3459 1105 3526 τινακαὶ
1122 3455 1243 3546 ταύτην
1259 3461 1318 3548 τῆν
1334 3465 1413 3552 περὶ

281 3561 340 3628 τὸν
369 3555 597 3650 ἀκροθώρακα
627 3565 788 3653 ταραχὴν,
819 3561 899 3630 ὅταν
923 3557 1028 3651 ἀκμὴν
1057 3558 1161 3651 λάβῃ,
1182 3557 1413 3654 μαραίνεσθαι

1327 3669 1407 3750 aar,

282 3769 321 3836 τὸ
343 3773 440 3855 σῶμα
470 3773 755 3851 συνεξέκαυσε
784 3775 840 3839 καὶ
862 3770 1077 3839 κατανάλωσε
1098 3775 1137 3838 τὸ
1159 3776 1324 3856 μανιῶδες
1352 3779 1410 3862 τῆς

282 3879 402 3965 ψυχῆς.
446 3879 598 3964 Disputat
623 3879 677 3947 hic
704 3865 893 3965 Plutarchus
916 3882 956 3947 de
983 3880 1164 3966 prodigioso
1186 3881 1323 3966 quodam
1344 3882 1410 3948 vini

282 3980 408 4058 effectu,
430 3983 486 4065 qui
508 3982 610 4068 magis
632 3983 765 4053 fortasse
787 3987 927 4068 cuipiam
942 3985 1043 4052 videri
1062 3986 1181 4078 poterit
1201 3986 1408 4072 prodigiosus

280 4081 478 4165 quam-quod
497 4082 618 4150 Plinius
640 4085 800 4152 crebriore
815 4086 881 4151 vini
902 4090 980 4166 potu
994 4083 1097 4150 mulae
1111 4084 1190 4151 adeo
1208 4085 1410 4152 calcitratum

279 4185 420 4252 inhiberi
441 4183 584 4254 tradidit.
613 4187 741 4254 Scilicet
762 4194 858 4271 prout
873 4188 945 4271 plus
962 4188 1104 4254 minusve
1119 4187 1249 4254 bibatur
1265 4190 1339 4269 vini,
1355 4211 1406 4256 va-

277 4291 425 4358 riabilem
436 4292 667 4376 quodammodo
675 4296 958 4362 existerevimoius
970 4298 1065 4378 atque
1077 4294 1230 4374 effectum,
1240 4300 1277 4361 ut
1285 4296 1409 4363 modice

277 4400 405 4479 sumpto
423 4397 497 4463 vino
516 4391 631 4482 (αἶνος
652 4402 813 4477 τοσοῦτος
835 4395 915 4476 ὅσας
941 4394 1052 4475 ἱκανὸς
1076 4390 1115 4462 tle
1140 4399 1268 4484 γένοιτο
1299 4398 1408 4488 τυρὸς
1479 4485 1484 4492 .

279 4489 498 4576 εὐθυμίαν
520 4497 634 4565 Athen.
655 4499 685 4564 V
707 4521 737 4584 p.
764 4497 865 4585 191f)
886 4496 1105 4586 uehementius
1133 4499 1231 4565 otiam
1259 4499 1404 4564 commot'

278 4599 448 4669 rideantur
477 4607 618 4684 potores,
648 4624 747 4710 quam
774 4604 831 4690 qui
860 4602 984 4671 maiora
1015 4601 1056 4670 ad
1091 4602 1279 4674 ebrietatem
1310 4624 1409 4688 usque
