3534 5392
721 475 954 542 -101-

257 640 391 705 terente
417 636 585 724 hiatusque
612 639 714 708 lineas
741 640 859 724 inpune
881 638 1105 707 transsiliente.
1158 638 1202 705 At
1221 641 1309 706 certe
1329 634 1398 704 eio-

255 737 429 824 φέροντες
448 739 536 819 illud,
557 741 675 824 quippe
695 741 912 808 inconcessum
933 740 1071 826 genuino
1084 738 1263 820 Plutarcho,
1285 739 1395 806 rectis-

254 839 338 907 sime
363 842 483 925 opinor
501 845 711 911 recentiorum
741 845 899 912 editorum
930 845 1053 927 expulit
1078 843 1253 930 diligentia
1297 844 1397 912 Porro

254 947 451 1014 eorumdem
485 949 689 1038 librariorum
724 952 848 1018 incuria
882 951 986 1019 eidem
1022 951 1191 1019 Plutarcho
1219 953 1255 1018 in
1290 952 1394 1038 Symp.
1476 1005 1482 1017 .

252 1051 292 1132 V,
314 1059 337 1120 9
361 1075 397 1137 p.
421 1057 511 1123 6840
540 1055 575 1121 in
595 1057 700 1123 verbis
727 1055 941 1122 κατακαυθὲν
970 1055 1007 1122 δέ
1035 1052 1092 1142 τὴν
1119 1054 1154 1120 ἐκ
1179 1058 1239 1140 τῆς
1268 1054 1397 1144 τέφρας

253 1153 382 1222 κονίαν
411 1157 599 1240 procliviore
627 1159 725 1226 etiam
747 1179 853 1226 errore
880 1158 1082 1242 adsperserut
1111 1160 1393 1235 κατακαυθεῖσαν,

236 1261 408 1360 'itemque
430 1264 465 1328 in
486 1264 557 1330 libr.
578 1264 639 1344 IX,
663 1272 697 1344 5,
726 1269 746 1332 2
769 1287 798 1350 p.
821 1273 923 1345 7400,
945 1287 1017 1331 cum
1037 1265 1073 1331 in
1092 1265 1210 1331 uicinia
1229 1265 1391 1349 legeretur

251 1356 525 1451 ἀπαλλαγεῖσαι,
556 1388 615 1450 pro
644 1369 873 1458 συμφέρονται
897 1368 1057 1450 subrepsit
1086 1366 1332 1454 συμφέρουσαι,
1362 1371 1397 1430 st

253 1489 345 1551 quae
384 1474 460 1536 sunt
498 1470 564 1536 alia
594 1469 773 1538 huiusmodi
803 1474 1009 1540 librariorum
1040 1471 1161 1538 bandis
1198 1469 1395 1549 documenta,

252 1574 413 1640 omnibus
435 1579 535 1654 notas
549 1577 605 1661 qui
627 1599 699 1643 cum
719 1578 880 1644 codicibus
901 1579 952 1644 vel
974 1599 1046 1644 cum
1065 1579 1176 1644 critica
1197 1574 1393 1659 supellectile

252 1677 525 1744 consuetudinem
552 1679 691 1749 inierint.

349 1781 494 1850 Similem
513 1783 779 1866 interpolatorum
793 1786 945 1852 iniuriam
958 1785 1008 1852 vel
1025 1785 1201 1852 scribarum
1216 1783 1392 1850 socordiam

253 1884 436 1952 odoramur
457 1887 492 1951 in
513 1887 618 1953 verbis
639 1889 854 1972 superioribus
885 1887 1001 1974 οἱμὲν
1023 1886 1087 1979 γὰρ
1107 1890 1174 1954 τῶν
1198 1886 1392 1970 ποθούν-

254 2010 341 2054 των
375 1982 494 2075 ἡδοναὶ
521 1988 579 2078 την
603 1985 785 2078 ἀνάμνησιν
817 1987 1039 2082 ἀνελεύθερον
1068 1988 1180 2073 &lover
1201 1989 1258 2057 καὶ
1284 1983 1395 2070 ἄλλως

256 2087 432 2177 ἐξίτηλον,
465 2087 580 2180 ὥσπερ
609 2087 714 2179 ὀσμὴν
737 2089 841 2159 έωλον
870 2087 890 2180 ἢ
915 2091 1051 2160 κνίσσαν
1074 2090 1392 2177 ἐναπολειπομένην.

256 2192 384 2276 Aperte
411 2196 522 2262 turbat
542 2195 596 2262 hic
617 2196 804 2264 vocabulum
832 2192 1042 2276 ποθούντων,
1073 2196 1126 2261 cui
1154 2200 1263 2262 tamen
1291 2216 1393 2280 neque

256 2294 376 2362 Reiski
394 2296 658 2362 καταποθέντων
681 2298 700 2362 i.
725 2319 749 2363 c.
772 2301 927 2382 epcbrum
949 2300 1148 2363 maurum
1168 2297 1218 2364 vel
1240 2291 1394 2364 ἀπολαυ-

257 2396 416 2466 σθέντων
428 2403 634 2484 (quamquam
654 2400 702 2468 ita
713 2400 796 2467 dixit
809 2402 890 2468 Plut.
907 2401 985 2467 Mor.
1002 2406 1153 2484 p10890
1169 2398 1353 2490 ἐπιτερπὴς
1372 2395 1392 2488 ἦ

259 2501 376 2592 μνήμη
399 2507 478 2570 τῶν
502 2497 907 2592 ἀπολελαυσμένων)
922 2507 1264 2592 nequeWyttenbachi
1286 2529 1394 2595 προο-

260 2611 466 2691 ενεχθέντων
494 2609 545 2678 vel
567 2611 828 2701 παρατεθέντων
850 2613 900 2678 vel
923 2612 1060 2696 denique
1084 2610 1275 2690 ποθέντων,
1308 2611 1394 2696 quod

261 2715 298 2780 ni
320 2715 463 2784 fallimur
484 2739 557 2784 vero
573 2717 753 2800 proximum
774 2721 836 2796 est,
859 2717 1113 2785 substituendum
1128 2715 1301 2800 videtur*).
1333 2715 1394 2794 Qui

261 2827 487 2909 conparaverit
515 2826 619 2892 locum
647 2826 807 2912 geminum
835 2825 921 2908 apud
940 2824 1020 2890 Plut.
1044 2824 1123 2891 Mor.
1145 2844 1176 2906 p.
1202 2821 1308 2890 1088f
1336 2824 1394 2908 τῆς

263 2926 302 2993 δὲ
325 2921 446 3014 ἡδονῆς
468 2919 488 3015 ἦ
511 2927 600 3016 ψυχή
624 2925 869 3012 παραλαβοῦσα
892 2923 951 3012 την
971 2918 1112 3012 μνήμην,
1134 2917 1250 3010 ὥσπερ
1274 2915 1389 3007 ὀσμὴν,

262 3021 349 3096 ἄλλο
362 3023 391 3095 δ’
401 3023 505 3108 οὐδέν,
517 3025 692 3119 φυλάσσει·
710 3027 832 3110 ζέσασα
849 3027 913 3116 μὰρ
926 3026 985 3095 ἐπὶ
1000 3025 1099 3117 σαρκὶ
1115 3026 1388 3109 κατασβέννυται,

262 3132 337 3200 καὶ
356 3133 400 3200 τὸ
421 3133 799 3220 μνημονευόμενον
822 3128 952 3220 αὐτῆς
974 3127 1167 3222 ἀμαυρόν
1196 3131 1289 3198 ἐστι
1319 3130 1393 3197 καὶ

263 3241 517 3319 κνισσῶδες,
553 3235 694 3328 ὥσπερ
723 3227 920 3304 ἑώλων
892 3263 944 3304 ων
973 3259 1038 3315 τις
1048 3234 1221 3361 ἔφαμεν
1251 3230 1394 3323 ηέπιε

266 3341 449 3427 τιθεμένου
474 3341 531 3407 καὶ
552 3337 768 3430 ταμιεύοντος
787 3336 996 3419 έπινοίαςέν
978 3333 1122 3460 ανυτῷ,
1146 3363 1203 3404 και
1222 3336 1405 3454 χρωμένου

266 3438 422 3527 δηλονότι
444 3439 591 3520 ταύταις,
616 3436 821 3530 προσφάτων
841 3465 888 3528 μη
911 3437 1097 3530 παρόντων,
1118 3439 1146 3505 is
1162 3439 1216 3504 vix
1231 3427 1405 3523 ambigere

266 3544 399 3626 poterit,
429 3545 508 3628 quin
538 3543 600 3609 dno
629 3564 738 3610 rursm
766 3544 920 3612 vocabula
948 3545 1166 3611 contaminata
1193 3543 1313 3611 merint
1344 3542 1395 3610 vel

266 3650 457 3717 altemtrum
478 3651 626 3716 omissum
648 3671 686 3716 ae
707 3649 821 3716 deinde
844 3655 1043 3734 corruptum,
1072 3655 1109 3714 ut
1129 3649 1317 3715 Plutarchus
1338 3649 1392 3714 de·

265 3756 348 3823 disse
376 3756 550 3823 censendus
578 3755 621 3821 sit
650 3749 685 3820 ci
712 3754 772 3836 μέν
794 3751 856 3844 γὰρ
879 3757 945 3820 τῶν
974 3753 1204 3820 ποθέντων
1232 3745 1253 3841 ἢ
1281 3756 1391 3841 βρω-

265 3861 432 3927 θέντων
465 3854 586 3948 ἡόυναί
618 3860 703 3940 κτλ,
740 3880 821 3944 quae
857 3882 897 3926 ne
926 3861 1051 3925 inverso
1080 3858 1191 3924 ordine
1220 3856 1396 3942 promenda

266 3971 447 4045 statuerem,
464 3965 621 4048 persuasit
634 3971 668 4031 et
690 3963 868 4048 expeditior
888 3964 1033 4031 mutandi
1056 3965 1140 4030 ratio
1157 3969 1190 4031 et
1204 3963 1393 4030 Plutarchus

264 4071 332 4152 ipse
362 4070 397 4135 in
426 4069 480 4135 vit.
504 4069 569 4136 Cat.
591 4070 664 4136 mai.
690 4076 728 4138 10
751 4065 799 4147 εἷς
827 4065 857 4134 δ’
880 4063 980 4136 αὐτὸν
1007 4068 1044 4134 έκ
1072 4070 1135 4134 τῶν
1165 4062 1392 4151 ἁλισκομένων

267 4170 362 4242 οὐδέν
379 4173 492 4240 ἐλθεῖν
508 4175 598 4262 λέγει
615 4173 700 4262 πλην
718 4170 782 4240 ὅσα
805 4176 962 4241 πέπωκεν
979 4167 1002 4264 ἢ
1022 4175 1181 4263 βέβρωκε,
1204 4195 1397 4259 quamquam

268 4280 384 4346 utiert
404 4284 519 4346 natura
540 4285 572 4348 et
600 4279 787 4347 commercia
806 4278 986 4364 quotidiani
1006 4278 1172 4368 sermonis,
1193 4283 1397 4346 ‘retroactum

265 4386 371 4471 potius
393 4385 538 4453 ordinem
560 4387 621 4454 sibi
641 4386 806 4453 vindicant
826 4385 941 4452 edendi
959 4383 1154 4468 bibendique
1174 4383 1328 4450 notiones.

335 4542 362 4610 ³¹)
382 4545 455 4608 Quae
472 4543 600 4598 l'aehsius
619 4544 804 4612 inperitissimos
822 4543 856 4594 de
872 4541 926 4593 hoc
942 4539 1003 4593 loco
1019 4537 1141 4606 protulit,
1158 4537 1262 4591 silentio
1280 4539 1393 4602 praeter·

261 4631 304 4686 ire
322 4633 405 4686 setius
423 4639 470 4687 est
