3534 5392
821 417 1036 480 ..52-

453 577 515 656 Qui
536 575 616 644 falso
625 579 741 644 mostra
753 580 858 644 aetate
878 599 912 645 se
927 579 1050 646 iactant
1063 578 1179 646 medici
1197 573 1498 666 ὁμοιοπαθοῦιτας

369 682 421 750 sel
443 679 722 768 ὁμοπαθοῢνιας,
754 705 826 751 eum
851 685 929 769 quid
951 686 1028 752 mali
1056 686 1262 778 experiantur
1283 685 1419 771 aegroti,
1442 707 1493 754 ra·

369 786 493 856 rissime
515 790 742 872 perpetiantur,
756 789 827 874 ipsi,
849 811 869 855 a
890 789 1060 856 Plutarcho
1086 795 1215 874 praeter
1237 791 1315 857 alias
1341 792 1495 876 quasdam

367 915 419 958 res
438 893 526 960 haud
545 893 683 972 inutiles,
696 915 761 960 non
775 893 844 959 sine
862 893 1024 977 voluptate
1046 893 1184 978 quadam
1199 894 1319 962 discere
1335 899 1493 978 potarunt

367 1019 464 1082 quam
475 999 550 1063 altis
568 997 725 1063 dulcicula
737 998 880 1081 ipsorum
894 998 1039 1066 doctrina
1059 999 1094 1063 in
1112 1019 1193 1064 cana
1212 1002 1368 1065 ratrrstats
1390 995 1495 1064 defixa

366 1103 410 1167 sit
434 1101 610 1182 radicibus,
639 1122 797 1185 quamque
825 1101 988 1183 praeclaro
1017 1102 1180 1183 sapuerint
1208 1106 1332 1167 veteres
1358 1101 1393 1164 in
1414 1099 1491 1166 defi·

366 1206 484 1272 uiendo
496 1210 592 1289 prout
605 1205 677 1288 plns
688 1204 831 1271 minusve
845 1207 987 1292 sumatur
1001 1202 1220 1270 medicaminis
1236 1201 1358 1269 effectu
1374 1201 1494 1270 Verum

364 1475 462 1548 κηλῖδά
479 1497 559 1532 τινα
576 1481 802 1550 προστρίψωνται
816 1478 872 1532 κτλ.
889 1481 914 1528 et
928 1491 954 1543 p.
967 1476 1027 1542 344,
1046 1477 1079 1529 48
1098 1479 1126 1531 εί
1138 1483 1236 1538 τινας
1253 1478 1366 1546 κηλῖδας
1381 1475 1492 1549 ἔχομεν.

364 1565 462 1618 Postea
483 1563 563 1614 huius
585 1561 709 1615 vocabuli
728 1577 794 1613 usus
820 1576 903 1612 sensu
920 1560 1033 1627 limitato
1052 1560 1197 1628 paullulum
1216 1564 1328 1629 remisit,
1348 1565 1397 1615 sed
1416 1579 1432 1614 s
1449 1578 1492 1616 se·

363 1652 475 1705 rioribus
493 1653 642 1715 resumptus
659 1654 707 1701 est.
1246 1663 1256 1695 ι

431 1740 495 1805 Peg.
514 1739 555 1792 31.
592 1736 688 1789 Parum
707 1737 872 1789 considerato
889 1737 1007 1802 sumpsi,
1028 1736 1084 1788 fleri
1101 1736 1220 1802 potuisse
1240 1743 1267 1790 ut
1285 1737 1408 1789 exciderit
1426 1751 1489 1790 con·

361 1830 489 1897 pendium
509 1827 721 1892 somniasset
747 1823 786 1878 tri
809 1821 914 1878 λοιπά
939 1826 983 1878 vel
1006 1828 1066 1879 καλ
1089 1823 1126 1878 tri
1145 1825 1264 1900 ἕτερα,
1288 1827 1419 1892 siquidem
1437 1827 1489 1880 hee

362 1918 469 1970 dicendi
485 1918 571 1970 forme
587 1930 718 1981 nusquam
740 1931 806 1968 usus
825 1930 886 1967 esse
904 1915 1006 1968 videtur
1023 1914 1187 1968 Plutarchus.
1214 1914 1304 1981 ltaque
1322 1921 1366 1968 out
1385 1917 1489 1970 scribae

361 2008 452 2060 locum
476 2006 726 2073 conpendilecerunt
750 2012 794 2057 eut
811 2006 908 2057 excidit
932 2004 984 2058 hoo
1009 2006 1097 2071 ipsum
1121 2006 1168 2058 καλ
1190 2003 1222 2058 τὰ
1246 2005 1320 2073 ἑξῆς,
1347 2006 1488 2060 Plutarcho

363 2102 433 2147 certe
454 2093 586 2159 (Straboni
611 2092 755 2158 nunquam)
781 2095 844 2145 satis
866 2095 1005 2159 usitatum,
1037 2099 1064 2147 ut
1086 2095 1171 2160 magis
1194 2099 1281 2146 temen
1307 2094 1430 2148 inclinem
1454 2095 1489 2146 ad

361 2185 523 2237 credendum
534 2183 679 2236 versiculos
698 2183 731 2234 ad
749 2181 908 2234 intellectum
926 2181 978 2235 loci
997 2185 1162 2236 necessarios
1180 2184 1266 2237 furtim
1281 2187 1397 2238 omissos
1413 2201 1486 2250 esse,

361 2291 421 2328 oum
438 2275 600 2328 luculentum
625 2275 651 2324 in
673 2280 795 2339 promptu
814 2275 847 2324 sit
865 2273 959 2326 similis
980 2275 1186 2341 interpolationis
1210 2275 1399 2328 documentum
1416 2277 1485 2343 apud
1550 2289 1554 2296 ·

361 2362 517 2419 Strabonem
536 2361 584 2413 XV
596 2377 621 2428 p.
641 2363 702 2426 687,
730 2362 776 2414 ubi
794 2375 862 2426 quas
879 2366 941 2427 post
958 2359 1100 2428 Sophoclis
1121 2378 1214 2415 versus
1239 2364 1325 2415 stetim
1343 2369 1488 2429 sequuntur

360 2456 400 2502 sat
418 2449 523 2501 indocta
538 2448 631 2502 verba:
652 2449 699 2499 καλ
716 2443 749 2499 τὰ
771 2445 844 2511 ἑξῆς·
863 2449 911 2498 eut
928 2443 1112 2518 μηροτραφὴς
1128 2447 1160 2501 δὲ
1177 2449 1294 2518 λέγεται,
1313 2454 1404 2515 utpote
1420 2449 1483 2500 insi·

359 2537 420 2589 ticia
437 2537 583 2589 rectissime
600 2533 707 2588 exclusa
725 2539 786 2587 sunt
804 2535 837 2586 ab
858 2533 1049 2600 interpretibus.

426 2618 489 2685 Peg.
508 2620 541 2670 32
563 2619 646 2671 adde:
665 2619 796 2690 οίτρεμεῖν
814 2623 840 2669 et
856 2614 971 2689 ἠρεμεῖν
987 2618 1120 2670 coniunxit
1137 2618 1191 2671 Leo
1208 2619 1317 2674 Diacon.
1336 2635 1361 2686 p.
1378 2620 1420 2687 13,
1441 2621 1483 2687 14,

356 2703 502 2778 ἡσυχάζειν
518 2714 544 2760 et
561 2706 676 2781 ἠρεμεῖν
687 2706 715 2760 S.
729 2704 863 2775 chrysost
883 2722 908 2773 p.
922 2706 989 2772 436,
1007 2707 1054 2772 20,
1073 2689 1187 2760 ceterum
1205 2709 1277 2762 verbi
1295 2706 1411 2781 ἠρεμεῖν
1427 2724 1483 2761 ers·

356 2791 485 2844 berrimus
504 2797 544 2843 est
561 2793 633 2857 apud
651 2792 789 2856 nequiores
805 2808 879 2844 usus

425 2877 501 2940 Quod
525 2878 620 2928 eadem
641 2879 737 2944 pagina
757 2878 791 2928 de
811 2878 872 2929 loco
897 2877 968 2931 Alex.
994 2893 1017 2932 c.
1037 2881 1070 2932 58
1094 2881 1175 2933 etde
1197 2881 1269 2935 Alex.
1294 2883 1352 2935 virt.
1377 2900 1399 2937 s.
1424 2885 1482 2938 tort

354 2983 380 3034 p.
398 2968 448 3017 345
460 2982 489 3032 a,
515 2968 562 3021 ubi
581 2983 628 3033 pro
652 2968 740 3033 inepto
765 2964 829 3026 τούς
853 2962 992 3038 ἀτρώτους
1014 2964 1165 3043 θαρρύνων
1183 2973 1322 3024 emendavi
1339 2970 1403 3032 τοὺς
1425 2976 1481 3026 λα-

354 3048 456 3124 τροὺς
472 3047 630 3124 θαρρύνων,
651 3052 778 3116 disserui,
797 3051 934 3118 aptissime
953 3055 1090 3120 conparari
1103 3060 1191 3122 potest
1205 3070 1266 3108 eum
1282 3056 1342 3109 loeo
1360 3059 1479 3125 inprimis

352 3139 461 3192 notabili
473 3138 610 3205 Procopii,
628 3138 783 3192 Plutarcheo
794 3139 872 3206 plane
885 3139 974 3193 colore
985 3147 1127 3210 temperato
1145 3143 1276 3210 d.b.g.ll,
1290 3146 1306 3196 2
1318 3147 1343 3212 p.
1357 3148 1416 3212 152,
1431 3149 1478 3201 20:

352 3226 413 3282 inei
437 3227 468 3282 δὲ
492 3225 613 3287 ἅπαντες
635 3227 665 3279 ἐν
689 3229 722 3299 τῇ
744 3222 826 3281 πόλει
845 3228 988 3296 ἐγένοντο,
1013 3231 1068 3284 τοῖν
1088 3226 1254 3304 τραυμάτων
1281 3231 1475 3303 ἐπεμελοῦντο.

346 3310 442 3389 ’Ἀρζου
464 3316 520 3386 μὲν
538 3305 636 3370 οὖντὸ
660 3318 740 3383 βέλος
762 3313 819 3369 ἀπὸ
843 3319 893 3370 τοῦ
911 3312 1064 3390 προσώπου
1088 3317 1244 3389 ἀφελέσθαι
1261 3315 1429 3390 βουλόμενοι
1449 3325 1476 3377 ολ

351 3409 440 3479 λατρολ
456 3401 564 3479 χρόνον
581 3402 641 3459 τινα
659 3398 805 3474 ἤσχαλλον,
826 3404 878 3476 οὐχ
895 3403 937 3460 ὅτι
957 3411 1007 3461 τοῦ
1027 3405 1182 3478 ὀφθαλμοῦ
1199 3408 1300 3478 ἕνεκεν,
1320 3406 1353 3466 ὃν
1371 3409 1408 3480 dri
1425 3411 1476 3467 οὐκ

351 3489 388 3549 ἅν
404 3513 472 3549 ποτε
490 3489 670 3561 σωθήσεσθαι
688 3491 872 3563 inceduntur,
897 3495 955 3549 ἀλλ’
975 3493 1049 3557 ὅπως
1066 3496 1106 3567 μὴ
1127 3495 1239 3569 ὑμένων
1257 3517 1285 3554 τε
1303 3503 1350 3554 καλ
1368 3498 1473 3570 νεύρων

350 3578 491 3656 τρήσεσιν,
517 3574 562 3634 οἷα
586 3576 676 3634 πολλοὶ
701 3582 834 3649 ἐνταῦθα,
864 3575 955 3654 ἄνδρα
984 3584 1028 3649 τῆς
1051 3587 1218 3656 Βελισαρίολι
1245 3588 1332 3645 ολκίας
1360 3579 1475 3661 ἄριστον

348 3667 566 3739 διαφθείρωσιν·
590 3665 684 3719 ἔπειτα
706 3662 738 3718 δὲ
762 3668 817 3719 τῶν
837 3685 878 3726 τις
900 3669 1015 3734 ἰατρῶν,
1044 3664 1204 3729 Θεόκτιστος
1227 3663 1332 3742 ὄνομα,
1356 3665 1475 3727 ὄπισθεν

347 3753 375 3812 ἐς
392 3749 441 3806 τὸν
458 3751 561 3822 αὐχένα
579 3751 685 3825 ἔρείσας
702 3748 874 3807 &noviduno
893 3755 943 3807 τοῦ
959 3745 1113 3828 ἀνθρωποο
1131 3759 1156 3810 εἰ
1170 3759 1234 3812 λίαν
1251 3755 1357 3826 ἀλγοίη.
1377 3763 1427 3814 τοῦ
1443 3762 1474 3815 δὲ

347 3841 444 3910 ἀλγεῖν
461 3835 613 3911 φήσαντος,
632 3838 736 3893 οὐκοῦν
754 3835 835 3900 αὐτός
851 3859 880 3894 τε
898 3837 1027 3915 σωθήσῃ,
1051 3835 1125 3910 εἶπε,
1147 3844 1195 3896 καλ
1213 3841 1263 3912 τὴν
1282 3837 1351 3913 ὄψιν
1368 3844 1420 3900 οὐκ
1437 3843 1474 3902 οἲν

345 3924 477 4002 βλαβήσῃ·
501 3930 584 3981 ταῦτα
599 3927 631 3980 ot
648 3929 807 4000 Ῑσχυρίσατο
827 3925 1057 4001 τεκμαιρόμενος,
1077 3926 1119 3983 ὅτι
1136 3932 1185 3984 τοῦ
1201 3934 1297 3999 βέλους
1312 3929 1328 3998 ἡ
1347 3930 1409 3993 duic
1425 3938 1474 3990 τοῦ

273 4021 284 4038 ⁰
346 4019 483 4090 δέρματος
507 4014 540 4070 οὐ
565 4011 662 4090 πόρρω
685 4012 788 4084 διήκει·
814 4017 935 4087 τοῦμὲν
953 4008 1003 4074 οὖν
1026 4015 1163 4091 ἀτράκτου
1182 4016 1250 4075 ὅσον
1270 4020 1321 4082 ἔξω
1342 4023 1471 4092 ἐφαίνετο

345 4105 467 4179 έκτεμών
486 4108 597 4179 ἔρριψε,
624 4102 725 4159 διελών
747 4105 779 4159 δὲ
805 4109 860 4160 τοῖν
883 4109 953 4160 isnin
978 4104 1009 4162 τὸ
1035 4110 1132 4178 σῶμα,
1159 4095 1193 4161 οὗ
1215 4103 1336 4179 μάλιστα
1361 4107 1375 4164 ο“
1400 4107 1470 4181 ἀνὴρ

249 4180 251 4183 ’
343 4191 523 4254 πολυώιλονος
539 4183 584 4261 ἦν,
610 4193 739 4248 έντεῦθεν
762 4189 842 4262 πόνῳ
865 4191 961 4249 οὐιλενλ
983 4192 1035 4263 τὴν
1058 4193 1142 4248 serua
1165 4195 1324 4266 λφείλιιιισε,
1347 4204 1422 4270 τρισί
1442 4217 1471 4253 τε

343 4275 526 4353 προῦχουσαν
544 4282 654 4333 λεπίσιν
671 4277 772 4340 ὀξείαις
796 4281 844 4332 καλ
862 4285 969 4354 μοῖραν
986 4282 1035 4333 τοῦ
1051 4283 1148 4347 βέλους
1168 4277 1218 4348 τὴν
1234 4284 1403 4352 λειπομένην
1421 4282 1471 4344 ξὺν

342 4364 412 4438 αὐτῇ
429 4367 579 4436 φέρουσαν.
600 4361 671 4417 οὕτω
689 4382 717 4417 τε
734 4358 828 4436 ”Apion
846 4368 941 4419 κακῶν
959 4359 1138 4418 παντάπασιν
1150 4364 1264 4434 ἀπαθὴς
1282 4366 1404 4438 διέμεινε
1422 4372 1469 4422 unt

342 4449 406 4507 ouidi
431 4455 506 4522 ἴχνος
524 4449 673 4522 αὐτοῦτοῖς
696 4453 805 4522 πληγῆς
831 4455 869 4512 ελς
892 4450 923 4508 τὸ
947 4447 1100 4526 πρόσωπον
1117 4451 1280 4510 ἀπελείπετο
1305 4457 1373 4510 conl.
1393 4457 1430 4524 ll,
1452 4460 1468 4512 t

340 4556 367 4610 p.
388 4540 447 4608 167,
466 4541 482 4593 6
503 4554 561 4609 sqq.
638 4582 640 4586 .
