3534 5392
759 420 973 486 ..39-

306 585 440 669 quisque
461 606 556 653 sensu
574 585 756 654 arbitretur.
801 585 940 664 Quartae
962 584 1099 668 denique
1123 583 1331 664 coniecturas,
1352 603 1433 666 quaa

307 687 468 772 Stephano
488 690 523 754 in
541 696 681 757 mentem
699 691 787 757 venit
805 689 991 773 μονονονχί,
1013 691 1098 774 quod
1117 690 1278 773 pertineat
1299 687 1340 753 ad
1357 711 1433 754 συν-

309 795 436 875 ουσίας,
459 819 517 866 our
535 821 599 863 non
620 800 903 882 obtemperandum
923 800 1087 878 ducamus,
1118 821 1181 864 non
1211 821 1288 882 opus
1309 803 1357 864 est
1379 820 1440 863 ex·-

305 924 431 985 pouere.
474 904 595 988 ltaque,
618 906 680 970 nisi
701 907 771 989 quis
791 905 873 972 forte
895 907 1024 990 quintae
1047 904 1188 972 eiusdem
1203 903 1357 986 Stephani
1380 924 1429 970 su·

303 1005 446 1088 spitioni,
469 1006 713 1090 expungendum
740 1028 808 1073 esse
839 1001 912 1087 οόχί
940 1005 1101 1084 oboediat,
1131 1005 1278 1070 lubenter
1307 1025 1431 1068 mecum

302 1109 436 1190 recipiet
456 1108 619 1192 aliquanto
641 1110 708 1176 veui
730 1111 913 1175 similiorem
935 1117 967 1177 et
988 1111 1170 1178 litterarum
1190 1131 1271 1194 quae
1291 1108 1430 1177 traditae

303 1219 377 1288 sunt
397 1213 508 1286 formis
527 1216 863 1294 convenientissimam,
885 1220 922 1280 ut
943 1215 985 1282 ad
1006 1215 1242 1297 persuasionem
1264 1214 1317 1283 vix
1339 1213 1427 1298 quic-

300 1345 397 1409 quam
417 1323 516 1395 desit:
555 1317 601 1400 ὠς
625 1316 798 1408 ἀπάγοντα
828 1317 905 1400 τοὺς
934 1307 1109 1404 οομπότας
1132 1319 1233 1402 μετὰ
1256 1321 1429 1386 δεῖπνον

297 1423 401 1498 0Χο
413 1426 491 1488 YM
496 1425 526 1488 E
531 1427 566 1486 N
578 1423 684 1488 Orc
708 1418 765 1508 ἐφ’
787 1420 834 1489 ἵπ
845 1447 906 1488 πα
916 1450 941 1500 v,
965 1424 1060 1506 idque
1077 1423 1281 1511 Plutarchum
1303 1419 1425 1490 dedisse

300 1548 338 1592 eo
358 1527 566 1599 confidentius
587 1526 693 1593 dicere
716 1527 833 1605 licebit,
855 1527 940 1613 quod
962 1529 1060 1595 etiam
1081 1529 1116 1596 in
1138 1529 1207 1594 loco
1232 1526 1422 1609 Xenophon-

295 1634 339 1704 tis
357 1633 454 1701 affine
479 1633 664 1717 adiungitur
676 1633 895 1717 participium
923 1628 1114 1715 ἀναβάντες.
1157 1625 1329 1710 Ὀχεῖοιῖαι
1364 1626 1422 1694 ἐπὶ
1448 1669 1451 1676 ,

299 1735 362 1801 τῶν
389 1731 506 1797 ἵππιον
538 1738 666 1815 praeter
693 1733 772 1798 alios
794 1733 875 1797 dixit
896 1733 1075 1816 Xenophon
1097 1732 1208 1816 Cyrop.
1230 1730 1293 1808 IV,
1317 1737 1351 1808 5,
1372 1733 1423 1808 58,

299 1830 455 1916 ὀχεῖσθαι
483 1834 580 1923 ἵππῳ
601 1839 670 1920 ipse
692 1839 880 1904 Plutarchus
901 1840 935 1903 in
957 1839 1011 1906 vit.
1034 1837 1107 1906 Oth.
1129 1843 1148 1904 6
1171 1833 1260 1902 conl
1273 1833 1426 1902 Artemid.
1474 1877 1475 1880 κ

297 1939 328 2018 Ι,
351 1946 390 2008 tn
411 1938 568 2026 ἐλέφαντι
590 1933 753 2021 ὀχεῖσθαι,
776 1941 808 2018 I,
830 1946 870 2008 20
895 1935 982 2026 derigi
1003 1934 1167 2030 ὀχεῖοθαι,
1194 1941 1323 2021 Procop.
1345 1941 1376 2006 b.
1397 1961 1425 2024 g.

299 2039 331 2117 1.,
356 2043 394 2104 ιε
416 2061 446 2122 p.
471 2043 527 2117 87,
553 2047 601 2107 ιτ.
631 2040 661 2119 1,
687 2047 724 2108 19
747 2062 777 2124 p.
800 2047 854 2119 ee,
881 2049 906 2106 1.
928 2041 958 2120 Ι,
981 2044 1020 2106 aa
1041 2061 1071 2122 p.
1096 2045 1170 2119 133,
1197 2046 1250 2120 ιτ,
1280 2037 1337 2104 ἐπὶ
1357 2039 1422 2103 τοι

295 2137 500 2231 ἁρμαμαξῶν
523 2136 676 2223 exercear
691 2145 772 2211 Plut.
786 2129 936 2213 Themisi.
954 2150 994 2212 aa
1010 2144 1088 2209 conl.
1104 2143 1218 2212 Athen.
1231 2141 1277 2207 VI
1288 2162 1318 2225 p.
1336 2139 1425 2212 asad

296 2250 330 2311 et
350 2245 496 2313 simfliter
509 2246 588 2312 Plnt.
607 2246 706 2312 Crass,
719 2253 759 2314 32
776 2244 957 2335 ῥαβδοῦχοί
972 2272 1057 2326 τινες
1073 2241 1248 2332 ὀχούμενοι
1262 2243 1425 2334 καμήλοις

293 2342 445 2434 ἤλαυνον.
495 2340 713 2430 Ἕποχεῖοθαι
745 2343 798 2436 ἐφ’
827 2348 951 2428 ἵπποις
979 2355 1106 2439 praeter
1134 2349 1321 2422 Pausaniam
1341 2347 1426 2430 apud

293 2452 433 2524 novellos
453 2456 579 2518 tantum
598 2474 649 2521 me
670 2453 783 2538 legisse
806 2454 953 2532 arbitror,
976 2455 1075 2522 veluti
1086 2455 1211 2524 Annam
1232 2454 1423 2524 Comnenam

297 2557 335 2639 (e,
348 2578 377 2642 g.
392 2577 422 2637 p.
439 2561 489 2632 27,
505 2560 545 2620 22
567 2549 620 2642 ἐφ)
641 2553 764 2632 ἵπποις
787 2554 1017 2636 ἐποχούμενοι,
1043 2558 1094 2624 eui
1113 2579 1144 2644 p.
1161 2563 1209 2636 32,
1233 2564 1252 2622 4
1273 2556 1425 2639 praetulit

295 2660 359 2730 τῶν
380 2654 496 2723 ἵππων
520 2655 553 2718 ἐν
577 2647 628 2732 οἷς
650 2656 872 2742 sanzonem),
894 2659 979 2740 apud
995 2645 1132 2728 Leonem
1154 2661 1330 2727 Diaconum
1351 2680 1422 2728 oum

296 2761 442 2850 genetivo
464 2761 607 2829 iunctum
624 2762 775 2838 occurrit,
796 2765 938 2831 ueterum
961 2762 1112 2844 exemplis
1134 2763 1231 2830 etiam
1251 2760 1423 2843 testatiore,

297 2887 324 2934 e.
345 2887 374 2950 g.
398 2867 434 2953 p]
449 2869 504 2941 22,
530 2870 565 2931 11
591 2863 629 2930 Η.
662 2857 715 2952 ἐφ)
743 2862 855 2930 ἵππου
883 2862 1027 2955 θηλείας
1060 2865 1298 2950 ἐποχούμενος,
1335 2867 1423 2938 ouius

295 2964 365 3038 loco
384 2963 469 3030 idem
498 2986 538 3030 ex
565 2963 791 3032 consuetudine
821 2964 1047 3049 Byzantiorum
1078 2965 1205 3037 infimae
1235 2970 1339 3032 sectae
1361 2965 1422 3032 sibi

294 3071 449 3141 concessit
469 3092 499 3153 p.
527 3076 622 3147 10‚3
654 3063 672 3133 ὀ
700 3067 823 3149 ἵππος,
855 3067 903 3148 εἰς
934 3063 971 3136 ὃν
999 3071 1178 3154 ἐπωχεῖτο,
1199 3074 1278 3142 alios
1300 3074 1418 3158 graeci·

295 3179 372 3253 tatis
392 3177 434 3247 ad
456 3177 620 3247 interitum
651 3176 787 3246 devexae
809 3176 994 3257 scriptores,
1024 3177 1199 3258 exquibus
1224 3183 1418 3249 tamennon
1540 3213 1543 3218 Δ

294 3278 472 3354 fastidimus
486 3275 646 3350 interdum
659 3275 789 3345 haurire
803 3275 959 3341 fontibus·
982 3268 1218 3356 Ἑποχούμενοι
1232 3274 1355 3352 ἵπποις
1379 3299 1418 3352 ex

295 3381 472 3457 imitatione
501 3378 670 3452 cultiorum
695 3377 887 3460 scriptorum
908 3377 989 3450 dixit
1010 3375 1211 3441 Herodianus
1231 3375 1286 3454 IV,
1313 3383 1366 3458 15,
1389 3381 1421 3456 3,

293 3490 433 3564 Zonaras
456 3486 566 3560 Annal.
589 3507 619 3568 p.
638 3490 713 3562 325,
737 3489 755 3549 2
775 3484 898 3566 placat
921 3477 972 3570 ἐφ’
996 3481 1108 3558 ἵππου
1129 3480 1287 3573 βαδίζειν,
1320 3483 1418 3554 Leoni

291 3591 433 3664 Diacono
451 3611 482 3676 p.
497 3593 565 3678 132,
586 3593 623 3662 16
640 3581 693 3674 ἐφ’
709 3586 819 3656 ἵππου
838 3583 1032 3670 ἐπιβαίνειν,
1050 3587 1252 3670 antiquiores
1268 3591 1304 3651 ut
1319 3587 1418 3652 Theo-
1537 3623 1539 3628 ·

293 3693 473 3778 phylactus,
494 3695 635 3756 veterum
658 3710 761 3767 usum,
787 3689 876 3755 utin
896 3688 1078 3782 linguarum
1100 3688 1235 3760 decursu
1256 3687 1306 3767 fit,
1332 3711 1418 3754 reco-

288 3798 390 3872 lentes
405 3796 561 3870 dederunt
576 3790 752 3875 ἐπιβάντες
766 3796 829 3864 τῶν
844 3791 961 3863 ἵππιον
974 3793 1028 3866 cfr.
1041 3793 1122 3858 ffist.
1139 3816 1169 3881 p.
1184 3800 1251 3870 144,
1263 3800 1282 3860 4
1295 3798 1419 3878 atquae

290 3910 364 3972 sunt
377 3903 494 3969 similia
506 3901 683 3984 plunma’p
712 3901 799 3966 Haeo
817 3901 903 3966 inter
921 3900 1006 3967 mam
1022 3921 1085 3970 non
1100 3902 1168 3966 sine
1182 3901 1328 3968 molestia
1342 3923 1417 3994 qua·

300 4050 335 4056 ..-.
356 4046 496 4056 ...α-α

360 4124 387 4187 *l
408 4125 472 4178 Plus
499 4125 677 4182 admirationis
703 4124 783 4178 habet
806 4126 877 4190 quod
908 4125 977 4191 apud
1002 4124 1228 4194 Theophylactum
1254 4126 1315 4182 hist.
1334 4129 1367 4196 V,
1389 4132 1420 4188 10

288 4233 313 4283 p.
334 4218 394 4280 225,
414 4216 429 4266 3
448 4216 628 4267 consentiente
647 4213 769 4265 Bekkero
795 4215 880 4265 editur
906 4217 952 4266 καὶ
978 4209 1057 4287 ῥύμῃ
1083 4213 1254 4287 κεκρατηκώς
1272 4213 1285 4269 ὀ
1306 4214 1420 4289 Νύροης

289 4302 352 4363 τοὺς
368 4306 469 4361 ἱππέας
495 4306 562 4356 τοῖν
585 4297 840 4370 ἱπποχούνιων
871 4301 1023 4369 ἀπέβαλεν,
1048 4316 1158 4366 quorum
1182 4304 1249 4357 haec
1268 4307 1307 4358 vie
1326 4307 1421 4358 dicitur
1529 4369 1532 4374 .

288 4401 363 4440 esse:
390 4391 423 4439 ab
441 4387 511 4452 equis
530 4387 652 4438 ιὶιίοίιὸαν
670 4388 779 4453 equita,
804 4388 879 4439 cuius
908 4401 993 4452 neque
1019 4389 1081 4439 ratio
1103 4403 1189 4455 neque
1213 4393 1288 4444 testis
1309 4392 1416 4444 sistitur.

288 4475 342 4526 seo
360 4480 433 4538 totus
449 4473 494 4525 ille
514 4472 609 4537 locus,
626 4479 656 4525 ut
673 4473 801 4540 permulta
818 4475 845 4531 in
864 4472 906 4524 his
927 4473 1016 4538 libris,
1036 4476 1211 4539 perobscurus
1228 4484 1276 4530 est.
1313 4477 1417 4531 Interim

290 4561 393 4626 comcs
409 4561 457 4622 sul
474 4553 564 4642 ῥύμῃ
584 4553 762 4632 κνορατοαιύς.
