<?xml version="1.0" encoding="UTF-8"?>
<!DOCTYPE html PUBLIC "-//W3C//DTD XHTML 1.0 Transitional//EN"
    "http://www.w3.org/TR/xhtml1/DTD/xhtml1-transitional.dtd">
<html xmlns="http://www.w3.org/1999/xhtml" xml:lang="en" lang="en">
 <head>
  <title>
</title>
<meta http-equiv="Content-Type" content="text/html;charset=utf-8" />
  <meta name='ocr-system' content='tesseract 3.04.00' />
  <meta name='ocr-capabilities' content='ocr_page ocr_carea ocr_par ocr_line ocrx_word'/>
</head>
<body>
  <div class='ocr_page' id='page_1' title='image "./vindiciarumplut01doehgoog_0062.png"; bbox 0 0 3534 5392; ppageno 0'>
   <div class='ocr_carea' id='block_1_1' title="bbox 825 489 1035 551">
    <p class='ocr_par' dir='ltr' id='par_1_1' title="bbox 825 489 1035 551">
     <span class='ocr_line' id='line_1_1' title="bbox 825 489 1035 551; baseline -0.005 -20"><span class='ocrx_word' id='word_1_1' title='bbox 825 489 1035 551; x_wconf 83' lang='lat'>..54..</span> 
     </span>
    </p>
   </div>
   <div class='ocr_carea' id='block_1_2' title="bbox 375 645 1596 2706">
    <p class='ocr_par' dir='ltr' id='par_1_2' title="bbox 375 645 1596 2706">
     <span class='ocr_line' id='line_1_2' title="bbox 376 645 1505 732; baseline -0.006 -14"><span class='ocrx_word' id='word_1_2' title='bbox 376 651 541 718; x_wconf 86' lang='lat' dir='ltr'>hauserint</span> <span class='ocrx_word' id='word_1_3' title='bbox 565 648 693 732; x_wconf 88' lang='lat' dir='ltr'>pocula,</span> <span class='ocrx_word' id='word_1_4' title='bbox 724 647 780 714; x_wconf 88' lang='lat' dir='ltr'>ubi</span> <span class='ocrx_word' id='word_1_5' title='bbox 810 647 909 713; x_wconf 90' lang='lat' dir='ltr'>animi</span> <span class='ocrx_word' id='word_1_6' title='bbox 939 647 1081 714; x_wconf 84' lang='lat' dir='ltr'>adfectus</span> <span class='ocrx_word' id='word_1_7' title='bbox 1109 647 1181 731; x_wconf 93' lang='lat' dir='ltr'>plus</span> <span class='ocrx_word' id='word_1_8' title='bbox 1206 648 1289 714; x_wconf 90' lang='lat' dir='ltr'>iusto</span> <span class='ocrx_word' id='word_1_9' title='bbox 1320 645 1505 730; x_wconf 85' lang='lat' dir='ltr'>perturbati,</span> 
     </span>
     <span class='ocr_line' id='line_1_3' title="bbox 375 749 1504 836; baseline -0.009 -15"><span class='ocrx_word' id='word_1_10' title='bbox 375 754 510 821; x_wconf 87' lang='lat' dir='ltr'>mirifica</span> <span class='ocrx_word' id='word_1_11' title='bbox 528 752 628 836; x_wconf 90' lang='lat' dir='ltr'>ipsius</span> <span class='ocrx_word' id='word_1_12' title='bbox 649 751 714 815; x_wconf 83' lang='lat' dir='ltr'>vini</span> <span class='ocrx_word' id='word_1_13' title='bbox 734 750 766 815; x_wconf 86' lang='lat' dir='ltr'>ri</span> <span class='ocrx_word' id='word_1_14' title='bbox 787 749 962 816; x_wconf 79' lang='lat' dir='ltr'>identidem</span> <span class='ocrx_word' id='word_1_15' title='bbox 984 751 1102 832; x_wconf 91' lang='lat' dir='ltr'>sumpti</span> <span class='ocrx_word' id='word_1_16' title='bbox 1118 750 1234 815; x_wconf 91' lang='lat' dir='ltr'>sensim</span> <span class='ocrx_word' id='word_1_17' title='bbox 1249 749 1504 831; x_wconf 74' lang='lat' dir='ltr'>defervescent*)</span> 
     </span>
     <span class='ocr_line' id='line_1_4' title="bbox 375 853 1501 943; baseline -0.008 -18"><span class='ocrx_word' id='word_1_18' title='bbox 375 859 505 943; x_wconf 88' lang='lat' dir='ltr'>potique</span> <span class='ocrx_word' id='word_1_19' title='bbox 521 856 561 923; x_wconf 89' lang='lat' dir='ltr'>ab</span> <span class='ocrx_word' id='word_1_20' title='bbox 578 855 733 922; x_wconf 89' lang='lat' dir='ltr'>ebrietate</span> <span class='ocrx_word' id='word_1_21' title='bbox 749 857 983 921; x_wconf 81' lang='lat' dir='ltr'>consenescant.</span> <span class='ocrx_word' id='word_1_22' title='bbox 1028 853 1296 932; x_wconf 82' lang='lat' dir='ltr'>Quemadmodum</span> <span class='ocrx_word' id='word_1_23' title='bbox 1312 854 1368 938; x_wconf 89' lang='lat' dir='ltr'>qui</span> <span class='ocrx_word' id='word_1_24' title='bbox 1385 853 1501 934; x_wconf 90' lang='lat' dir='ltr'>sopori-</span> 
     </span>
     <span class='ocr_line' id='line_1_5' title="bbox 376 959 1506 1046; baseline -0.006 -16"><span class='ocrx_word' id='word_1_25' title='bbox 376 965 445 1032; x_wconf 90' lang='lat' dir='ltr'>fera</span> <span class='ocrx_word' id='word_1_26' title='bbox 474 966 605 1046; x_wconf 90' lang='lat' dir='ltr'>epotant</span> <span class='ocrx_word' id='word_1_27' title='bbox 636 961 720 1027; x_wconf 85' lang='lat' dir='ltr'>infra</span> <span class='ocrx_word' id='word_1_28' title='bbox 750 963 869 1025; x_wconf 90' lang='lat' dir='ltr'>iustum</span> <span class='ocrx_word' id='word_1_29' title='bbox 899 959 1076 1038; x_wconf 90' lang='lat' dir='ltr'>modulum,</span> <span class='ocrx_word' id='word_1_30' title='bbox 1109 959 1322 1026; x_wconf 89' lang='lat' dir='ltr'>turbulentius</span> <span class='ocrx_word' id='word_1_31' title='bbox 1353 959 1506 1024; x_wconf 85' lang='lat' dir='ltr'>concitari</span> 
     </span>
     <span class='ocr_line' id='line_1_6' title="bbox 377 1062 1506 1152; baseline -0.007 -17"><span class='ocrx_word' id='word_1_32' title='bbox 377 1069 493 1147; x_wconf 89' lang='lat' dir='ltr'>solent,</span> <span class='ocrx_word' id='word_1_33' title='bbox 516 1089 612 1152; x_wconf 91' lang='lat' dir='ltr'>quam</span> <span class='ocrx_word' id='word_1_34' title='bbox 634 1067 688 1149; x_wconf 90' lang='lat' dir='ltr'>qui</span> <span class='ocrx_word' id='word_1_35' title='bbox 710 1065 829 1150; x_wconf 87' lang='lat' dir='ltr'>largius</span> <span class='ocrx_word' id='word_1_36' title='bbox 851 1065 897 1132; x_wconf 90' lang='lat' dir='ltr'>eis</span> <span class='ocrx_word' id='word_1_37' title='bbox 918 1067 966 1131; x_wconf 90' lang='lat' dir='ltr'>uti</span> <span class='ocrx_word' id='word_1_38' title='bbox 987 1065 1164 1131; x_wconf 89' lang='lat' dir='ltr'>iubeantur.</span> <span class='ocrx_word' id='word_1_39' title='bbox 1208 1065 1290 1144; x_wconf 80' lang='lat' dir='ltr'>Quid</span> <span class='ocrx_word' id='word_1_40' title='bbox 1310 1065 1346 1129; x_wconf 89' lang='lat' dir='ltr'>in</span> <span class='ocrx_word' id='word_1_41' title='bbox 1368 1065 1420 1129; x_wconf 90' lang='lat' dir='ltr'>his</span> <span class='ocrx_word' id='word_1_42' title='bbox 1441 1062 1506 1130; x_wconf 85' lang='lat' dir='ltr'>reri</span> 
     </span>
     <span class='ocr_line' id='line_1_7' title="bbox 376 1165 1505 1256; baseline -0.006 -16"><span class='ocrx_word' id='word_1_43' title='bbox 376 1177 430 1253; x_wconf 84' lang='lat' dir='ltr'>sit,</span> <span class='ocrx_word' id='word_1_44' title='bbox 461 1195 553 1239; x_wconf 89' lang='lat' dir='ltr'>nemo</span> <span class='ocrx_word' id='word_1_45' title='bbox 581 1173 694 1255; x_wconf 85' lang='lat' dir='ltr'>opinor</span> <span class='ocrx_word' id='word_1_46' title='bbox 723 1171 887 1256; x_wconf 77' lang='lat' dir='ltr'>ignorabit</span> <span class='ocrx_word' id='word_1_47' title='bbox 914 1173 1093 1256; x_wconf 88' lang='lat' dir='ltr'>quicunque</span> <span class='ocrx_word' id='word_1_48' title='bbox 1114 1193 1263 1253; x_wconf 87' lang='lat' dir='ltr'>procaces</span> <span class='ocrx_word' id='word_1_49' title='bbox 1285 1173 1350 1235; x_wconf 80' lang='grc' dir='ltr'>τῶν</span> <span class='ocrx_word' id='word_1_50' title='bbox 1374 1165 1505 1234; x_wconf 78' lang='grc' dir='ltr'><em>ὑποπε-</em></span> 
     </span>
     <span class='ocr_line' id='line_1_8' title="bbox 377 1268 1505 1354; baseline -0.009 -13"><span class='ocrx_word' id='word_1_51' title='bbox 377 1270 539 1341; x_wconf 86' lang='grc' dir='ltr'><em>πωκότιον</em></span> <span class='ocrx_word' id='word_1_52' title='bbox 556 1274 704 1354; x_wconf 88' lang='lat' dir='ltr'>expertus</span> <span class='ocrx_word' id='word_1_53' title='bbox 726 1271 823 1335; x_wconf 86' lang='lat' dir='ltr'>fuerit</span> <span class='ocrx_word' id='word_1_54' title='bbox 837 1291 941 1336; x_wconf 90' lang='lat' dir='ltr'>mores</span> <span class='ocrx_word' id='word_1_55' title='bbox 956 1275 1051 1353; x_wconf 89' lang='lat' dir='ltr'>atque</span> <span class='ocrx_word' id='word_1_56' title='bbox 1071 1271 1225 1348; x_wconf 77' lang='lat' dir='ltr'>licentiae,</span> <span class='ocrx_word' id='word_1_57' title='bbox 1246 1275 1279 1336; x_wconf 88' lang='lat' dir='ltr'>et</span> <span class='ocrx_word' id='word_1_58' title='bbox 1292 1270 1397 1354; x_wconf 84' lang='lat' dir='ltr'>magis</span> <span class='ocrx_word' id='word_1_59' title='bbox 1412 1268 1505 1333; x_wconf 85' lang='lat' dir='ltr'>eiiam</span> 
     </span>
     <span class='ocr_line' id='line_1_9' title="bbox 375 1373 1505 1460; baseline -0.007 -17"><span class='ocrx_word' id='word_1_60' title='bbox 375 1382 531 1460; x_wconf 73' lang='lat' dir='ltr'>patescet,</span> <span class='ocrx_word' id='word_1_61' title='bbox 553 1397 625 1440; x_wconf 91' lang='lat' dir='ltr'>cum</span> <span class='ocrx_word' id='word_1_62' title='bbox 642 1375 876 1457; x_wconf 67' lang='lat' dir='ltr'>conparaverit,</span> <span class='ocrx_word' id='word_1_63' title='bbox 900 1374 985 1458; x_wconf 91' lang='lat' dir='ltr'>quod</span> <span class='ocrx_word' id='word_1_64' title='bbox 1002 1374 1185 1456; x_wconf 79' lang='lat' dir='ltr'>Propertius</span> <span class='ocrx_word' id='word_1_65' title='bbox 1206 1375 1322 1440; x_wconf 89' lang='lat' dir='ltr'>cecinit</span> <span class='ocrx_word' id='word_1_66' title='bbox 1344 1373 1385 1438; x_wconf 90' lang='lat' dir='ltr'>de</span> <span class='ocrx_word' id='word_1_67' title='bbox 1406 1377 1505 1456; x_wconf 67' lang='lat' dir='ltr'>linqua</span> 
     </span>
     <span class='ocr_line' id='line_1_10' title="bbox 377 1474 1504 1561; baseline -0.001 -20"><span class='ocrx_word' id='word_1_68' title='bbox 377 1480 498 1541; x_wconf 79' lang='lat' dir='ltr'>udrr&#39;dao</span> <span class='ocrx_word' id='word_1_69' title='bbox 518 1500 595 1541; x_wconf 82' lang='lat' dir='ltr'>mero</span> <span class='ocrx_word' id='word_1_70' title='bbox 615 1481 730 1561; x_wconf 81' lang='lat' dir='ltr'>sepulto</span> <span class='ocrx_word' id='word_1_71' title='bbox 750 1497 872 1554; x_wconf 92' lang='lat' dir='ltr'>eorum,</span> <span class='ocrx_word' id='word_1_72' title='bbox 898 1477 961 1559; x_wconf 91' lang='lat' dir='ltr'>qui,</span> <span class='ocrx_word' id='word_1_73' title='bbox 982 1481 1019 1540; x_wconf 90' lang='lat' dir='ltr'>ut</span> <span class='ocrx_word' id='word_1_74' title='bbox 1040 1477 1144 1559; x_wconf 92' lang='lat' dir='ltr'>lepide</span> <span class='ocrx_word' id='word_1_75' title='bbox 1166 1477 1319 1543; x_wconf 88' lang='lat' dir='ltr'>indicarit</span> <span class='ocrx_word' id='word_1_76' title='bbox 1341 1474 1504 1542; x_wconf 86' lang='lat' dir='ltr'>AthenV</span> 
     </span>
     <span class='ocr_line' id='line_1_11' title="bbox 375 1575 1505 1666; baseline -0.004 -21"><span class='ocrx_word' id='word_1_77' title='bbox 375 1600 404 1663; x_wconf 90' lang='lat' dir='ltr'>p.</span> <span class='ocrx_word' id='word_1_78' title='bbox 434 1583 529 1645; x_wconf 84' lang='lat' dir='ltr'>180a</span> <span class='ocrx_word' id='word_1_79' title='bbox 562 1581 723 1643; x_wconf 84' lang='grc' dir='ltr'><em>τοσοῦτον</em></span> <span class='ocrx_word' id='word_1_80' title='bbox 757 1575 911 1643; x_wconf 79' lang='grc' dir='ltr'>πίνουσιν</span> <span class='ocrx_word' id='word_1_81' title='bbox 944 1575 1029 1644; x_wconf 74' lang='grc' dir='ltr'><em>ὥστε</em></span> <span class='ocrx_word' id='word_1_82' title='bbox 1056 1580 1141 1666; x_wconf 80' lang='grc' dir='ltr'><em>μηδὲ</em></span> <span class='ocrx_word' id='word_1_83' title='bbox 1171 1587 1241 1658; x_wconf 84' lang='grc' dir='ltr'><em>τοῖς</em></span> <span class='ocrx_word' id='word_1_84' title='bbox 1270 1577 1374 1658; x_wconf 80' lang='grc' dir='ltr'><em>ἰδίοις</em></span> <span class='ocrx_word' id='word_1_85' title='bbox 1408 1576 1505 1644; x_wconf 81' lang='grc' dir='ltr'><em>ποσὶν</em></span> 
     </span>
     <span class='ocr_line' id='line_1_12' title="bbox 375 1680 1505 1766; baseline -0.001 -19"><span class='ocrx_word' id='word_1_86' title='bbox 375 1680 549 1747; x_wconf 69' lang='grc' dir='ltr'><em>ἵστασθαι.</em></span> <span class='ocrx_word' id='word_1_87' title='bbox 580 1681 683 1766; x_wconf 81' lang='lat' dir='ltr'>Atque</span> <span class='ocrx_word' id='word_1_88' title='bbox 699 1681 760 1747; x_wconf 95' lang='lat' dir='ltr'>hoc</span> <span class='ocrx_word' id='word_1_89' title='bbox 780 1682 909 1765; x_wconf 90' lang='lat' dir='ltr'>quidem</span> <span class='ocrx_word' id='word_1_90' title='bbox 925 1683 991 1747; x_wconf 85' lang='lat' dir='ltr'>vini</span> <span class='ocrx_word' id='word_1_91' title='bbox 1012 1683 1200 1748; x_wconf 73' lang='lat' dir='ltr'>miraculum</span> <span class='ocrx_word' id='word_1_92' title='bbox 1218 1705 1329 1766; x_wconf 81' lang='lat' dir='ltr'>reapse</span> <span class='ocrx_word' id='word_1_93' title='bbox 1347 1683 1505 1750; x_wconf 87' lang='lat' dir='ltr'>veteribus</span> 
     </span>
     <span class='ocr_line' id='line_1_13' title="bbox 375 1788 1596 1880; baseline 0 -28"><span class='ocrx_word' id='word_1_94' title='bbox 375 1808 439 1852; x_wconf 93' lang='lat' dir='ltr'>non</span> <span class='ocrx_word' id='word_1_95' title='bbox 459 1788 603 1872; x_wconf 86' lang='lat' dir='ltr'>ignotum</span> <span class='ocrx_word' id='word_1_96' title='bbox 623 1809 726 1872; x_wconf 90' lang='lat' dir='ltr'>neque</span> <span class='ocrx_word' id='word_1_97' title='bbox 743 1788 944 1871; x_wconf 86' lang='lat' dir='ltr'>inexpertum</span> <span class='ocrx_word' id='word_1_98' title='bbox 964 1788 1081 1867; x_wconf 82' lang='lat' dir='ltr'>luisse,</span> <span class='ocrx_word' id='word_1_99' title='bbox 1104 1792 1255 1854; x_wconf 82' lang='lat' dir='ltr'>testatum</span> <span class='ocrx_word' id='word_1_100' title='bbox 1279 1789 1357 1854; x_wconf 85' lang='lat' dir='ltr'>facit</span> <span class='ocrx_word' id='word_1_101' title='bbox 1379 1793 1506 1873; x_wconf 91' lang='lat' dir='ltr'>praeter</span> <span class='ocrx_word' id='word_1_102' title='bbox 1593 1871 1596 1880; x_wconf 23' lang='lat'>⁸</span> 
     </span>
     <span class='ocr_line' id='line_1_14' title="bbox 375 1881 1505 1979; baseline -0.004 -23"><span class='ocrx_word' id='word_1_103' title='bbox 375 1890 573 1956; x_wconf 84' lang='lat' dir='ltr'>notissimum</span> <span class='ocrx_word' id='word_1_104' title='bbox 594 1888 673 1954; x_wconf 89' lang='lat' dir='ltr'>illud</span> <span class='ocrx_word' id='word_1_105' title='bbox 697 1885 775 1977; x_wconf 75' lang='grc' dir='ltr'><em>οἴνῳ</em></span> <span class='ocrx_word' id='word_1_106' title='bbox 796 1881 960 1955; x_wconf 70' lang='lat' dir='ltr'>advniens</span> <span class='ocrx_word' id='word_1_107' title='bbox 981 1889 1031 1957; x_wconf 82' lang='lat' dir='ltr'>vel</span> <span class='ocrx_word' id='word_1_108' title='bbox 1054 1888 1225 1979; x_wconf 75' lang='grc' dir='ltr'><em>κραιπάλῃ</em></span> <span class='ocrx_word' id='word_1_109' title='bbox 1242 1888 1298 1977; x_wconf 84' lang='grc' dir='ltr'>τήν</span> <span class='ocrx_word' id='word_1_110' title='bbox 1315 1886 1505 1978; x_wconf 81' lang='grc' dir='ltr'><em>κραιπάλην</em></span> 
     </span>
     <span class='ocr_line' id='line_1_15' title="bbox 377 1991 1504 2080; baseline -0.003 -21"><span class='ocrx_word' id='word_1_111' title='bbox 377 1991 560 2073; x_wconf 69' lang='grc' dir='ltr'>ἐξελαύνειν</span> <span class='ocrx_word' id='word_1_112' title='bbox 576 1993 669 2078; x_wconf 87' lang='lat' dir='ltr'>(Plut.</span> <span class='ocrx_word' id='word_1_113' title='bbox 683 1993 761 2058; x_wconf 89' lang='lat' dir='ltr'>Mor.</span> <span class='ocrx_word' id='word_1_114' title='bbox 779 2015 807 2075; x_wconf 85' lang='lat' dir='ltr'>p.</span> <span class='ocrx_word' id='word_1_115' title='bbox 825 1993 982 2080; x_wconf 69' lang='lat' dir='ltr'>tiis.)**)</span> <span class='ocrx_word' id='word_1_116' title='bbox 1005 1993 1091 2058; x_wconf 90' lang='lat' dir='ltr'>idem</span> <span class='ocrx_word' id='word_1_117' title='bbox 1107 1991 1290 2058; x_wconf 80' lang='lat' dir='ltr'>Athenaeus</span> <span class='ocrx_word' id='word_1_118' title='bbox 1305 1994 1357 2059; x_wconf 92' lang='lat' dir='ltr'>III</span> <span class='ocrx_word' id='word_1_119' title='bbox 1371 2015 1402 2076; x_wconf 91' lang='lat' dir='ltr'>p.</span> <span class='ocrx_word' id='word_1_120' title='bbox 1422 1997 1504 2059; x_wconf 80' lang='lat'>1090</span> 
     </span>
     <span class='ocr_line' id='line_1_16' title="bbox 376 2092 1498 2188; baseline -0.005 -25"><span class='ocrx_word' id='word_1_121' title='bbox 376 2096 536 2188; x_wconf 68' lang='grc' dir='ltr'><em>καθάπερ</em></span> <span class='ocrx_word' id='word_1_122' title='bbox 563 2092 801 2186; x_wconf 74' lang='grc' dir='ltr'><em>ἀνανήφειν</em></span> <span class='ocrx_word' id='word_1_123' title='bbox 825 2095 989 2175; x_wconf 78' lang='grc' dir='ltr'><em>πολλάκις</em></span> <span class='ocrx_word' id='word_1_124' title='bbox 1016 2094 1141 2184; x_wconf 75' lang='grc' dir='ltr'><em>γίνεται</em></span> <span class='ocrx_word' id='word_1_125' title='bbox 1163 2097 1235 2163; x_wconf 88' lang='grc' dir='ltr'>τδν</span> <span class='ocrx_word' id='word_1_126' title='bbox 1260 2094 1498 2178; x_wconf 69' lang='grc' dir='ltr'><em>μεθύοντα,</em></span> 
     </span>
     <span class='ocr_line' id='line_1_17' title="bbox 376 2195 1501 2291; baseline -0.007 -23"><span class='ocrx_word' id='word_1_127' title='bbox 376 2202 432 2269; x_wconf 86' lang='grc' dir='ltr'>τάν</span> <span class='ocrx_word' id='word_1_128' title='bbox 455 2198 556 2268; x_wconf 79' lang='grc' dir='ltr'><em>αὐτὸν</em></span> <span class='ocrx_word' id='word_1_129' title='bbox 577 2199 704 2291; x_wconf 78' lang='grc' dir='ltr'><em>τρόπον</em></span> <span class='ocrx_word' id='word_1_130' title='bbox 726 2198 804 2267; x_wconf 81' lang='grc' dir='ltr'>ὖπδ</span> <span class='ocrx_word' id='word_1_131' title='bbox 825 2204 897 2288; x_wconf 79' lang='grc' dir='ltr'>τῆς</span> <span class='ocrx_word' id='word_1_132' title='bbox 918 2197 967 2288; x_wconf 90' lang='grc' dir='ltr'>ήδ</span> <span class='ocrx_word' id='word_1_133' title='bbox 975 2204 1047 2287; x_wconf 85' lang='grc' dir='ltr'>ονή</span> <span class='ocrx_word' id='word_1_134' title='bbox 1055 2225 1072 2279; x_wconf 91' lang='grc' dir='ltr'><em>ς</em></span> <span class='ocrx_word' id='word_1_135' title='bbox 1095 2195 1277 2289; x_wconf 83' lang='grc' dir='ltr'><em>άναπεινήν</em></span> <span class='ocrx_word' id='word_1_136' title='bbox 1299 2200 1428 2290; x_wconf 78' lang='grc' dir='ltr'><em>γίνεται</em></span> <span class='ocrx_word' id='word_1_137' title='bbox 1446 2200 1501 2264; x_wconf 87' lang='grc' dir='ltr'>τδν</span> 
     </span>
     <span class='ocr_line' id='line_1_18' title="bbox 376 2291 1500 2398; baseline -0.002 -25"><span class='ocrx_word' id='word_1_138' title='bbox 376 2305 546 2386; x_wconf 72' lang='grc' dir='ltr'><em>ἐσθίοντα,</em></span> <span class='ocrx_word' id='word_1_139' title='bbox 571 2291 762 2398; x_wconf 85' lang='lat' dir='ltr'>quamquam</span> <span class='ocrx_word' id='word_1_140' title='bbox 781 2307 838 2373; x_wconf 92' lang='lat' dir='ltr'>illo</span> <span class='ocrx_word' id='word_1_141' title='bbox 860 2305 928 2373; x_wconf 91' lang='lat' dir='ltr'>loco</span> <span class='ocrx_word' id='word_1_142' title='bbox 949 2307 1130 2388; x_wconf 86' lang='lat' dir='ltr'>discrepans</span> <span class='ocrx_word' id='word_1_143' title='bbox 1151 2307 1328 2391; x_wconf 76' lang='lat' dir='ltr'>paullulum</span> <span class='ocrx_word' id='word_1_144' title='bbox 1348 2308 1500 2383; x_wconf 86' lang='lat' dir='ltr'>aProtea‚</span> 
     </span>
     <span class='ocr_line' id='line_1_19' title="bbox 376 2412 1157 2498; baseline 0.003 -21"><span class='ocrx_word' id='word_1_145' title='bbox 376 2413 486 2498; x_wconf 91' lang='lat' dir='ltr'>quiin</span> <span class='ocrx_word' id='word_1_146' title='bbox 508 2414 649 2479; x_wconf 82' lang='lat' dir='ltr'>convivio</span> <span class='ocrx_word' id='word_1_147' title='bbox 673 2412 786 2479; x_wconf 82' lang='lat' dir='ltr'>Carani</span> <span class='ocrx_word' id='word_1_148' title='bbox 809 2413 1001 2478; x_wconf 87' lang='lat' dir='ltr'>exclamasse</span> <span class='ocrx_word' id='word_1_149' title='bbox 1023 2412 1157 2479; x_wconf 88' lang='lat' dir='ltr'>dicitur:</span> 
     </span>
     <span class='ocr_line' id='line_1_20' title="bbox 538 2511 1344 2604; baseline -0.001 -22"><span class='ocrx_word' id='word_1_150' title='bbox 538 2512 555 2582; x_wconf 84' lang='grc' dir='ltr'><em>ά</em></span> <span class='ocrx_word' id='word_1_151' title='bbox 581 2519 721 2584; x_wconf 85' lang='grc' dir='ltr'><em>πλεῖστα</em></span> <span class='ocrx_word' id='word_1_152' title='bbox 746 2515 851 2582; x_wconf 85' lang='grc' dir='ltr'><em>πίνων</em></span> <span class='ocrx_word' id='word_1_153' title='bbox 876 2519 1018 2583; x_wconf 79' lang='grc' dir='ltr'><em>πλεῖστα</em></span> <span class='ocrx_word' id='word_1_154' title='bbox 1042 2511 1344 2604; x_wconf 73' lang='grc' dir='ltr'><em>κεύφρανθήσεται.</em></span> 
     </span>
     <span class='ocr_line' id='line_1_21' title="bbox 460 2617 1501 2706; baseline -0.006 -19"><span class='ocrx_word' id='word_1_155' title='bbox 460 2623 528 2688; x_wconf 90' lang='lat' dir='ltr'>Iam</span> <span class='ocrx_word' id='word_1_156' title='bbox 549 2624 577 2688; x_wconf 92' lang='lat' dir='ltr'>si</span> <span class='ocrx_word' id='word_1_157' title='bbox 599 2623 679 2688; x_wconf 88' lang='lat' dir='ltr'>haec</span> <span class='ocrx_word' id='word_1_158' title='bbox 701 2621 748 2687; x_wconf 90' lang='lat' dir='ltr'>ita</span> <span class='ocrx_word' id='word_1_159' title='bbox 767 2626 804 2686; x_wconf 85' lang='lat' dir='ltr'>ut</span> <span class='ocrx_word' id='word_1_160' title='bbox 822 2621 889 2687; x_wconf 88' lang='lat' dir='ltr'>dixi</span> <span class='ocrx_word' id='word_1_161' title='bbox 909 2623 1134 2704; x_wconf 87' lang='lat' dir='ltr'>interpretare,</span> <span class='ocrx_word' id='word_1_162' title='bbox 1157 2642 1220 2686; x_wconf 91' lang='lat' dir='ltr'>non</span> <span class='ocrx_word' id='word_1_163' title='bbox 1234 2620 1326 2687; x_wconf 84' lang='lat' dir='ltr'>rideo</span> <span class='ocrx_word' id='word_1_164' title='bbox 1348 2617 1501 2706; x_wconf 90' lang='lat' dir='ltr'>quomodo</span> 
     </span>
    </p>
   </div>
   <div class='ocr_carea' id='block_1_3' title="bbox 375 2722 1500 3450">
    <p class='ocr_par' dir='ltr' id='par_1_3' title="bbox 375 2722 1500 3450">
     <span class='ocr_line' id='line_1_22' title="bbox 375 2722 1500 2821; baseline -0.008 -21"><span class='ocrx_word' id='word_1_165' title='bbox 375 2741 461 2801; x_wconf 85' lang='lat' dir='ltr'>recte</span> <span class='ocrx_word' id='word_1_166' title='bbox 484 2739 569 2801; x_wconf 89' lang='lat' dir='ltr'>stare</span> <span class='ocrx_word' id='word_1_167' title='bbox 592 2735 767 2816; x_wconf 88' lang='lat' dir='ltr'>potuerint:</span> <span class='ocrx_word' id='word_1_168' title='bbox 799 2730 905 2810; x_wconf 75' lang='grc' dir='ltr'><em>πολὺς</em></span> <span class='ocrx_word' id='word_1_169' title='bbox 927 2730 990 2821; x_wconf 79' lang='grc' dir='ltr'>γάρ</span> <span class='ocrx_word' id='word_1_170' title='bbox 1013 2727 1174 2797; x_wconf 72' lang='grc' dir='ltr'><em>εἰσελθών</em></span> <span class='ocrx_word' id='word_1_171' title='bbox 1198 2722 1323 2816; x_wconf 81' lang='grc' dir='ltr'><em>(οἶνος)</em></span> <span class='ocrx_word' id='word_1_172' title='bbox 1347 2728 1386 2795; x_wconf 81' lang='grc' dir='ltr'>τὸ</span> <span class='ocrx_word' id='word_1_173' title='bbox 1408 2730 1500 2808; x_wconf 82' lang='grc' dir='ltr'><em>σῶμα</em></span> 
     </span>
     <span class='ocr_line' id='line_1_23' title="bbox 376 2833 1499 2926; baseline -0.011 -20"><span class='ocrx_word' id='word_1_174' title='bbox 376 2840 663 2918; x_wconf 82' lang='grc' dir='ltr'><em>συνεξέκαυσε</em></span> <span class='ocrx_word' id='word_1_175' title='bbox 700 2836 757 2904; x_wconf 85' lang='grc' dir='ltr'>καὶ</span> <span class='ocrx_word' id='word_1_176' title='bbox 786 2833 1000 2903; x_wconf 80' lang='grc' dir='ltr'><em>κατανάλωσε</em></span> <span class='ocrx_word' id='word_1_177' title='bbox 1038 2834 1075 2901; x_wconf 90' lang='grc' dir='ltr'>τδ</span> <span class='ocrx_word' id='word_1_178' title='bbox 1104 2837 1269 2920; x_wconf 80' lang='grc' dir='ltr'><em>μανιῶδες</em></span> <span class='ocrx_word' id='word_1_179' title='bbox 1302 2839 1359 2924; x_wconf 81' lang='grc' dir='ltr'>τῆς</span> <span class='ocrx_word' id='word_1_180' title='bbox 1389 2833 1499 2926; x_wconf 73' lang='grc' dir='ltr'><em>ψυχῆς.</em></span> 
     </span>
     <span class='ocr_line' id='line_1_24' title="bbox 375 2941 1499 3031; baseline -0.005 -19"><span class='ocrx_word' id='word_1_181' title='bbox 375 2947 457 3012; x_wconf 87' lang='lat' dir='ltr'>Nam</span> <span class='ocrx_word' id='word_1_182' title='bbox 489 2946 566 3031; x_wconf 91' lang='lat' dir='ltr'>quid</span> <span class='ocrx_word' id='word_1_183' title='bbox 605 2945 735 3012; x_wconf 87' lang='lat' dir='ltr'>tandem</span> <span class='ocrx_word' id='word_1_184' title='bbox 763 2949 811 3009; x_wconf 89' lang='lat' dir='ltr'>est</span> <span class='ocrx_word' id='word_1_185' title='bbox 837 2944 911 3022; x_wconf 89' lang='lat' dir='ltr'>hoc,</span> <span class='ocrx_word' id='word_1_186' title='bbox 950 2945 976 3008; x_wconf 91' lang='lat' dir='ltr'>si</span> <span class='ocrx_word' id='word_1_187' title='bbox 1013 2943 1150 3008; x_wconf 85' lang='lat' dir='ltr'>multum</span> <span class='ocrx_word' id='word_1_188' title='bbox 1177 2941 1343 3008; x_wconf 84' lang='lat' dir='ltr'>hauriatur</span> <span class='ocrx_word' id='word_1_189' title='bbox 1373 2960 1499 3030; x_wconf 72' lang='lat' dir='ltr'>merum,</span> 
     </span>
     <span class='ocr_line' id='line_1_25' title="bbox 375 3043 1498 3134; baseline -0.008 -17"><span class='ocrx_word' id='word_1_190' title='bbox 375 3076 439 3118; x_wconf 90' lang='lat' dir='ltr'>una</span> <span class='ocrx_word' id='word_1_191' title='bbox 467 3075 539 3117; x_wconf 91' lang='lat' dir='ltr'>cum</span> <span class='ocrx_word' id='word_1_192' title='bbox 560 3052 701 3134; x_wconf 85' lang='lat' dir='ltr'>corporis</span> <span class='ocrx_word' id='word_1_193' title='bbox 722 3049 970 3116; x_wconf 88' lang='lat' dir='ltr'>inflammatione</span> <span class='ocrx_word' id='word_1_194' title='bbox 992 3049 1091 3114; x_wconf 89' lang='lat' dir='ltr'>animi</span> <span class='ocrx_word' id='word_1_195' title='bbox 1119 3047 1258 3114; x_wconf 85' lang='lat' dir='ltr'>furorem</span> <span class='ocrx_word' id='word_1_196' title='bbox 1288 3049 1417 3116; x_wconf 79' lang='lat' dir='ltr'>sedari?</span> <span class='ocrx_word' id='word_1_197' title='bbox 1458 3043 1498 3110; x_wconf 83' lang='lat' dir='ltr'>Et</span> 
     </span>
     <span class='ocr_line' id='line_1_26' title="bbox 375 3149 1497 3241; baseline -0.012 -21"><span class='ocrx_word' id='word_1_198' title='bbox 375 3154 533 3241; x_wconf 92' lang='lat' dir='ltr'>quomodo</span> <span class='ocrx_word' id='word_1_199' title='bbox 552 3154 632 3220; x_wconf 91' lang='lat' dir='ltr'>haec</span> <span class='ocrx_word' id='word_1_200' title='bbox 651 3155 829 3237; x_wconf 85' lang='lat' dir='ltr'>congruunt</span> <span class='ocrx_word' id='word_1_201' title='bbox 854 3172 926 3216; x_wconf 92' lang='lat' dir='ltr'>cum</span> <span class='ocrx_word' id='word_1_202' title='bbox 956 3151 1001 3216; x_wconf 91' lang='lat' dir='ltr'>eis</span> <span class='ocrx_word' id='word_1_203' title='bbox 1027 3171 1109 3234; x_wconf 88' lang='lat' dir='ltr'>quaa</span> <span class='ocrx_word' id='word_1_204' title='bbox 1131 3149 1273 3230; x_wconf 86' lang='lat' dir='ltr'>proxime</span> <span class='ocrx_word' id='word_1_205' title='bbox 1296 3151 1497 3230; x_wconf 75' lang='lat' dir='ltr'>promunturr</span> 
     </span>
     <span class='ocr_line' id='line_1_27' title="bbox 375 3247 1498 3349; baseline -0.012 -23"><span class='ocrx_word' id='word_1_206' title='bbox 375 3257 489 3349; x_wconf 76' lang='grc' dir='ltr'><em>ὥσπερ</em></span> <span class='ocrx_word' id='word_1_207' title='bbox 512 3256 531 3348; x_wconf 85' lang='grc' dir='ltr'><em>ή</em></span> <span class='ocrx_word' id='word_1_208' title='bbox 554 3255 729 3347; x_wconf 71' lang='grc' dir='ltr'><em>θρηνῳδία</em></span> <span class='ocrx_word' id='word_1_209' title='bbox 752 3255 809 3323; x_wconf 80' lang='grc' dir='ltr'>καὶ</span> <span class='ocrx_word' id='word_1_210' title='bbox 838 3250 856 3321; x_wconf 87' lang='grc' dir='ltr'><em>δ</em></span> <span class='ocrx_word' id='word_1_211' title='bbox 880 3253 1072 3344; x_wconf 75' lang='grc' dir='ltr'><em>ἐπικήδειος</em></span> <span class='ocrx_word' id='word_1_212' title='bbox 1096 3248 1197 3331; x_wconf 80' lang='grc' dir='ltr'><em>αὐλάς</em></span> <span class='ocrx_word' id='word_1_213' title='bbox 1220 3251 1254 3318; x_wconf 80' lang='grc' dir='ltr'>ἐν</span> <span class='ocrx_word' id='word_1_214' title='bbox 1276 3247 1362 3341; x_wconf 78' lang='grc' dir='ltr'><em>άρχῇ</em></span> <span class='ocrx_word' id='word_1_215' title='bbox 1387 3247 1498 3325; x_wconf 77' lang='grc' dir='ltr'><em>πάδος</em></span> 
     </span>
     <span class='ocr_line' id='line_1_28' title="bbox 376 3344 1498 3450; baseline -0.01 -21"><span class='ocrx_word' id='word_1_216' title='bbox 376 3369 461 3430; x_wconf 86' lang='grc' dir='ltr'><em>κινεῖ</em></span> <span class='ocrx_word' id='word_1_217' title='bbox 479 3362 535 3429; x_wconf 87' lang='grc' dir='ltr'>καὶ</span> <span class='ocrx_word' id='word_1_218' title='bbox 558 3360 701 3450; x_wconf 88' lang='grc' dir='ltr'><em>δάκρυον</em></span> <span class='ocrx_word' id='word_1_219' title='bbox 724 3354 896 3443; x_wconf 76' lang='grc' dir='ltr'><em>ἐκβάλλει,</em></span> <span class='ocrx_word' id='word_1_220' title='bbox 930 3355 1089 3448; x_wconf 79' lang='grc' dir='ltr'><em>προάγων</em></span> <span class='ocrx_word' id='word_1_221' title='bbox 1117 3355 1153 3424; x_wconf 77' lang='grc' dir='ltr'>δὲ</span> <span class='ocrx_word' id='word_1_222' title='bbox 1174 3355 1232 3444; x_wconf 83' lang='grc' dir='ltr'>τήν</span> <span class='ocrx_word' id='word_1_223' title='bbox 1254 3356 1362 3446; x_wconf 80' lang='grc' dir='ltr'><em>ψυχήν</em></span> <span class='ocrx_word' id='word_1_224' title='bbox 1383 3353 1430 3436; x_wconf 82' lang='grc' dir='ltr'>εἷς</span> <span class='ocrx_word' id='word_1_225' title='bbox 1452 3344 1498 3419; x_wconf 73' lang='grc' dir='ltr'>οἷ·</span> 
     </span>
    </p>
   </div>
   <div class='ocr_carea' id='block_1_4' title="bbox 321 3658 1497 4256">
    <p class='ocr_par' dir='ltr' id='par_1_4' title="bbox 321 3658 1497 4256">
     <span class='ocr_line' id='line_1_29' title="bbox 321 3658 1497 3734; baseline -0.003 -24"><span class='ocrx_word' id='word_1_226' title='bbox 321 3728 324 3734; x_wconf 16' lang='lat'><em>&lt;</em></span> <span class='ocrx_word' id='word_1_227' title='bbox 444 3658 471 3723; x_wconf 76' lang='lat'>*)</span> <span class='ocrx_word' id='word_1_228' title='bbox 490 3658 563 3713; x_wconf 77' lang='lat' dir='ltr'>(loni.</span> <span class='ocrx_word' id='word_1_229' title='bbox 585 3661 699 3714; x_wconf 82' lang='lat' dir='ltr'>Macrob.</span> <span class='ocrx_word' id='word_1_230' title='bbox 719 3659 821 3713; x_wconf 85' lang='lat' dir='ltr'>Satura.</span> <span class='ocrx_word' id='word_1_231' title='bbox 840 3660 901 3724; x_wconf 91' lang='lat' dir='ltr'>Vll,</span> <span class='ocrx_word' id='word_1_232' title='bbox 930 3664 954 3724; x_wconf 84' lang='lat' dir='ltr'>i,</span> <span class='ocrx_word' id='word_1_233' title='bbox 982 3663 1027 3713; x_wconf 84' lang='lat' dir='ltr'>li:</span> <span class='ocrx_word' id='word_1_234' title='bbox 1056 3663 1133 3714; x_wconf 90' lang='lat' dir='ltr'>Addo</span> <span class='ocrx_word' id='word_1_235' title='bbox 1158 3663 1243 3728; x_wconf 90' lang='lat' dir='ltr'>aliud,</span> <span class='ocrx_word' id='word_1_236' title='bbox 1269 3662 1378 3714; x_wconf 85' lang='lat' dir='ltr'>naturali</span> <span class='ocrx_word' id='word_1_237' title='bbox 1403 3662 1497 3713; x_wconf 86' lang='lat' dir='ltr'>ratione</span> 
     </span>
     <span class='ocr_line' id='line_1_30' title="bbox 375 3742 1495 3814; baseline -0.002 -18"><span class='ocrx_word' id='word_1_238' title='bbox 375 3746 490 3799; x_wconf 79' lang='lat' dir='ltr'>ebrietati</span> <span class='ocrx_word' id='word_1_239' title='bbox 510 3745 677 3796; x_wconf 88' lang='lat' dir='ltr'>dulcedinem</span> <span class='ocrx_word' id='word_1_240' title='bbox 703 3761 861 3811; x_wconf 85' lang='lat' dir='ltr'>repugnare,</span> <span class='ocrx_word' id='word_1_241' title='bbox 887 3747 954 3796; x_wconf 90' lang='lat' dir='ltr'>adeo</span> <span class='ocrx_word' id='word_1_242' title='bbox 975 3752 1003 3798; x_wconf 87' lang='lat' dir='ltr'>ut</span> <span class='ocrx_word' id='word_1_243' title='bbox 1020 3748 1118 3800; x_wconf 88' lang='lat' dir='ltr'>medici</span> <span class='ocrx_word' id='word_1_244' title='bbox 1137 3764 1184 3800; x_wconf 89' lang='lat' dir='ltr'>eos</span> <span class='ocrx_word' id='word_1_245' title='bbox 1204 3749 1249 3812; x_wconf 87' lang='lat' dir='ltr'>qui</span> <span class='ocrx_word' id='word_1_246' title='bbox 1271 3762 1355 3814; x_wconf 89' lang='lat' dir='ltr'>usque</span> <span class='ocrx_word' id='word_1_247' title='bbox 1380 3747 1413 3798; x_wconf 91' lang='lat' dir='ltr'>ad</span> <span class='ocrx_word' id='word_1_248' title='bbox 1431 3742 1495 3812; x_wconf 88' lang='lat' dir='ltr'>peri·</span> 
     </span>
     <span class='ocr_line' id='line_1_31' title="bbox 376 3833 1496 3902; baseline -0.004 -18"><span class='ocrx_word' id='word_1_249' title='bbox 376 3835 465 3885; x_wconf 91' lang='lat' dir='ltr'>culum</span> <span class='ocrx_word' id='word_1_250' title='bbox 485 3834 668 3885; x_wconf 86' lang='lat' dir='ltr'>distenduntur</span> <span class='ocrx_word' id='word_1_251' title='bbox 680 3836 741 3885; x_wconf 87' lang='lat' dir='ltr'>virro</span> <span class='ocrx_word' id='word_1_252' title='bbox 759 3833 872 3900; x_wconf 89' lang='lat' dir='ltr'>plurimo</span> <span class='ocrx_word' id='word_1_253' title='bbox 892 3841 988 3900; x_wconf 82' lang='lat' dir='ltr'>cogant</span> <span class='ocrx_word' id='word_1_254' title='bbox 1006 3851 1126 3889; x_wconf 86' lang='lat' dir='ltr'>vomere:</span> <span class='ocrx_word' id='word_1_255' title='bbox 1148 3842 1174 3888; x_wconf 91' lang='lat' dir='ltr'>et</span> <span class='ocrx_word' id='word_1_256' title='bbox 1192 3842 1252 3902; x_wconf 89' lang='lat' dir='ltr'>post</span> <span class='ocrx_word' id='word_1_257' title='bbox 1264 3837 1392 3887; x_wconf 89' lang='lat' dir='ltr'>vomitum</span> <span class='ocrx_word' id='word_1_258' title='bbox 1411 3838 1496 3886; x_wconf 85' lang='lat' dir='ltr'>contra</span> 
     </span>
     <span class='ocr_line' id='line_1_32' title="bbox 374 3921 1496 3989; baseline -0.003 -16"><span class='ocrx_word' id='word_1_259' title='bbox 374 3923 476 3973; x_wconf 78' lang='lat' dir='ltr'>fumum</span> <span class='ocrx_word' id='word_1_260' title='bbox 499 3923 553 3974; x_wconf 91' lang='lat' dir='ltr'>vini</span> <span class='ocrx_word' id='word_1_261' title='bbox 572 3924 616 3986; x_wconf 89' lang='lat' dir='ltr'>qui</span> <span class='ocrx_word' id='word_1_262' title='bbox 635 3923 758 3976; x_wconf 81' lang='lat' dir='ltr'>remansit</span> <span class='ocrx_word' id='word_1_263' title='bbox 775 3923 802 3973; x_wconf 94' lang='lat' dir='ltr'>in</span> <span class='ocrx_word' id='word_1_264' title='bbox 822 3925 897 3975; x_wconf 87' lang='lat' dir='ltr'>venis</span> <span class='ocrx_word' id='word_1_265' title='bbox 917 3939 1012 3988; x_wconf 90' lang='lat' dir='ltr'>panem</span> <span class='ocrx_word' id='word_1_266' title='bbox 1032 3923 1145 3976; x_wconf 81' lang='lat' dir='ltr'>offerunt</span> <span class='ocrx_word' id='word_1_267' title='bbox 1169 3923 1247 3976; x_wconf 89' lang='lat' dir='ltr'>melle</span> <span class='ocrx_word' id='word_1_268' title='bbox 1274 3925 1390 3989; x_wconf 89' lang='lat' dir='ltr'>inlitum,</span> <span class='ocrx_word' id='word_1_269' title='bbox 1415 3929 1440 3974; x_wconf 88' lang='lat' dir='ltr'>et</span> <span class='ocrx_word' id='word_1_270' title='bbox 1463 3921 1496 3970; x_wconf 81' lang='lat' dir='ltr'>iu</span> 
     </span>
     <span class='ocr_line' id='line_1_33' title="bbox 373 4007 1076 4066; baseline 0.009 -7"><span class='ocrx_word' id='word_1_271' title='bbox 373 4007 510 4060; x_wconf 88' lang='lat' dir='ltr'>hominem</span> <span class='ocrx_word' id='word_1_272' title='bbox 529 4010 562 4062; x_wconf 89' lang='lat' dir='ltr'>ab</span> <span class='ocrx_word' id='word_1_273' title='bbox 581 4010 712 4062; x_wconf 80' lang='lat' dir='ltr'>ebrietatis</span> <span class='ocrx_word' id='word_1_274' title='bbox 731 4009 800 4062; x_wconf 86' lang='lat' dir='ltr'>malo</span> <span class='ocrx_word' id='word_1_275' title='bbox 818 4011 932 4062; x_wconf 87' lang='lat' dir='ltr'>dulcedo</span> <span class='ocrx_word' id='word_1_276' title='bbox 952 4012 1076 4066; x_wconf 79' lang='lat' dir='ltr'>defendit.</span> 
     </span>
     <span class='ocr_line' id='line_1_34' title="bbox 442 4094 1496 4166; baseline 0.002 -17"><span class='ocrx_word' id='word_1_277' title='bbox 442 4094 487 4162; x_wconf 69' lang='lat'><strong>¹⁸²⁸)</strong></span> <span class='ocrx_word' id='word_1_278' title='bbox 501 4098 577 4161; x_wconf 78' lang='lat' dir='ltr'>Quod</span> <span class='ocrx_word' id='word_1_279' title='bbox 591 4100 738 4151; x_wconf 86' lang='lat' dir='ltr'>nasutiores</span> <span class='ocrx_word' id='word_1_280' title='bbox 751 4101 905 4151; x_wconf 83' lang='lat' dir='ltr'>nostratium</span> <span class='ocrx_word' id='word_1_281' title='bbox 918 4107 1040 4166; x_wconf 86' lang='lat' dir='ltr'>potores,</span> <span class='ocrx_word' id='word_1_282' title='bbox 1057 4101 1153 4166; x_wconf 88' lang='lat' dir='ltr'>quibua</span> <span class='ocrx_word' id='word_1_283' title='bbox 1169 4103 1274 4152; x_wconf 80' lang='lat' dir='ltr'>maiores</span> <span class='ocrx_word' id='word_1_284' title='bbox 1288 4103 1389 4154; x_wconf 79' lang='lat' dir='ltr'>tanrire</span> <span class='ocrx_word' id='word_1_285' title='bbox 1401 4101 1496 4154; x_wconf 63' lang='lat' dir='ltr'>merres</span> 
     </span>
     <span class='ocr_line' id='line_1_35' title="bbox 375 4188 1495 4256; baseline 0 -16"><span class='ocrx_word' id='word_1_286' title='bbox 375 4206 423 4240; x_wconf 82' lang='lat' dir='ltr'>non</span> <span class='ocrx_word' id='word_1_287' title='bbox 441 4199 479 4238; x_wconf 77' lang='lat' dir='ltr'>ert</span> <span class='ocrx_word' id='word_1_288' title='bbox 493 4189 591 4253; x_wconf 80' lang='lat' dir='ltr'>pudor,</span> <span class='ocrx_word' id='word_1_289' title='bbox 610 4188 763 4254; x_wconf 82' lang='lat' dir='ltr'>pervolgata</span> <span class='ocrx_word' id='word_1_290' title='bbox 784 4189 906 4240; x_wconf 79' lang='lat' dir='ltr'>acumine</span> <span class='ocrx_word' id='word_1_291' title='bbox 927 4191 1017 4242; x_wconf 83' lang='lat' dir='ltr'>dicunt</span> <span class='ocrx_word' id='word_1_292' title='bbox 1038 4191 1107 4255; x_wconf 80' lang='lat' dir='ltr'>pilos</span> <span class='ocrx_word' id='word_1_293' title='bbox 1131 4191 1233 4241; x_wconf 81' lang='lat' dir='ltr'>caninos</span> <span class='ocrx_word' id='word_1_294' title='bbox 1251 4209 1327 4256; x_wconf 81' lang='lat' dir='ltr'>super</span> <span class='ocrx_word' id='word_1_295' title='bbox 1351 4189 1495 4242; x_wconf 72' lang='lat' dir='ltr'>stomachus</span> 
     </span>
    </p>
   </div>
   <div class='ocr_carea' id='block_1_5' title="bbox 374 4271 1591 4340">
    <p class='ocr_par' dir='ltr' id='par_1_5' title="bbox 374 4271 1591 4340">
     <span class='ocr_line' id='line_1_36' title="bbox 374 4271 1591 4340; baseline 0.002 -18"><span class='ocrx_word' id='word_1_296' title='bbox 374 4275 505 4338; x_wconf 79' lang='lat' dir='ltr'>inponere,</span> <span class='ocrx_word' id='word_1_297' title='bbox 523 4273 629 4336; x_wconf 87' lang='lat' dir='ltr'>quando</span> <span class='ocrx_word' id='word_1_298' title='bbox 647 4271 785 4324; x_wconf 85' lang='lat' dir='ltr'>hesternae</span> <span class='ocrx_word' id='word_1_299' title='bbox 804 4276 995 4340; x_wconf 89' lang='lat' dir='ltr'>conpetationis</span> <span class='ocrx_word' id='word_1_300' title='bbox 1014 4273 1175 4328; x_wconf 85' lang='lat' dir='ltr'>exhalandae</span> <span class='ocrx_word' id='word_1_301' title='bbox 1193 4291 1272 4328; x_wconf 89' lang='lat' dir='ltr'>causa</span> <span class='ocrx_word' id='word_1_302' title='bbox 1291 4293 1375 4328; x_wconf 84' lang='lat' dir='ltr'>novos</span> <span class='ocrx_word' id='word_1_303' title='bbox 1394 4275 1496 4328; x_wconf 89' lang='lat' dir='ltr'>sumunt</span> <span class='ocrx_word' id='word_1_304' title='bbox 1587 4329 1591 4336; x_wconf 59' lang='grc'><em>,</em></span> 
     </span>
    </p>
   </div>
   <div class='ocr_carea' id='block_1_6' title="bbox 374 4359 1495 4699">
    <p class='ocr_par' dir='ltr' id='par_1_6' title="bbox 374 4359 1495 4699">
     <span class='ocr_line' id='line_1_37' title="bbox 375 4359 1495 4434; baseline -0.003 -23"><span class='ocrx_word' id='word_1_305' title='bbox 375 4359 485 4430; x_wconf 80' lang='lat' dir='ltr'>cyathos</span> <span class='ocrx_word' id='word_1_306' title='bbox 511 4375 572 4412; x_wconf 87' lang='lat' dir='ltr'>cum</span> <span class='ocrx_word' id='word_1_307' title='bbox 593 4361 772 4427; x_wconf 82' lang='lat' dir='ltr'>salsamentis,</span> <span class='ocrx_word' id='word_1_308' title='bbox 801 4364 1026 4428; x_wconf 90' lang='lat' dir='ltr'>quemadmodum</span> <span class='ocrx_word' id='word_1_309' title='bbox 1052 4364 1078 4414; x_wconf 88' lang='lat' dir='ltr'>in</span> <span class='ocrx_word' id='word_1_310' title='bbox 1103 4361 1194 4414; x_wconf 72' lang='lat' dir='ltr'>Catani</span> <span class='ocrx_word' id='word_1_311' title='bbox 1222 4367 1348 4434; x_wconf 80' lang='lat' dir='ltr'>syoposio</span> <span class='ocrx_word' id='word_1_312' title='bbox 1373 4363 1495 4416; x_wconf 86' lang='lat' dir='ltr'>convivae</span> 
     </span>
     <span class='ocr_line' id='line_1_38' title="bbox 374 4445 1494 4524; baseline 0.004 -26"><span class='ocrx_word' id='word_1_313' title='bbox 374 4446 543 4513; x_wconf 81' lang='lat' dir='ltr'>perhibentur</span> <span class='ocrx_word' id='word_1_314' title='bbox 558 4451 666 4512; x_wconf 90' lang='lat' dir='ltr'>potasse</span> <span class='ocrx_word' id='word_1_315' title='bbox 684 4445 823 4521; x_wconf 73' lang='grc' dir='ltr'><em>εὐμαρῶς,</em></span> <span class='ocrx_word' id='word_1_316' title='bbox 843 4445 936 4524; x_wconf 77' lang='grc' dir='ltr'><em>ὥσπερ</em></span> <span class='ocrx_word' id='word_1_317' title='bbox 955 4447 1143 4502; x_wconf 79' lang='grc' dir='ltr'><em>ἀντίδοτον</em></span> <span class='ocrx_word' id='word_1_318' title='bbox 1160 4448 1190 4502; x_wconf 73' lang='lat' dir='ltr'>la</span> <span class='ocrx_word' id='word_1_319' title='bbox 1206 4453 1252 4517; x_wconf 78' lang='grc' dir='ltr'>τῆς</span> <span class='ocrx_word' id='word_1_320' title='bbox 1264 4453 1398 4521; x_wconf 77' lang='grc' dir='ltr'><em>προτέρας</em></span> <span class='ocrx_word' id='word_1_321' title='bbox 1411 4448 1494 4520; x_wconf 56' lang='grc' dir='ltr'><em>άκριν</em></span> 
     </span>
     <span class='ocr_line' id='line_1_39' title="bbox 374 4528 1493 4604; baseline 0.005 -20"><span class='ocrx_word' id='word_1_322' title='bbox 374 4538 505 4592; x_wconf 74' lang='grc' dir='ltr'><em>τοποσίας</em></span> <span class='ocrx_word' id='word_1_323' title='bbox 530 4528 718 4603; x_wconf 83' lang='grc' dir='ltr'><em>λαμβάνοντες</em></span> <span class='ocrx_word' id='word_1_324' title='bbox 741 4536 811 4602; x_wconf 88' lang='lat' dir='ltr'>apud</span> <span class='ocrx_word' id='word_1_325' title='bbox 831 4536 924 4590; x_wconf 84' lang='lat' dir='ltr'>Athen.</span> <span class='ocrx_word' id='word_1_326' title='bbox 945 4537 980 4588; x_wconf 77' lang='lat' dir='ltr'>tv</span> <span class='ocrx_word' id='word_1_327' title='bbox 997 4552 1022 4602; x_wconf 92' lang='lat' dir='ltr'>p.</span> <span class='ocrx_word' id='word_1_328' title='bbox 1045 4538 1132 4601; x_wconf 76' lang='lat'>1300,</span> <span class='ocrx_word' id='word_1_329' title='bbox 1157 4539 1228 4604; x_wconf 88' lang='lat' dir='ltr'>quod</span> <span class='ocrx_word' id='word_1_330' title='bbox 1248 4539 1311 4591; x_wconf 83' lang='lat' dir='ltr'>alias</span> <span class='ocrx_word' id='word_1_331' title='bbox 1330 4540 1423 4593; x_wconf 88' lang='lat' dir='ltr'>dicitur</span> <span class='ocrx_word' id='word_1_332' title='bbox 1442 4531 1493 4603; x_wconf 72' lang='grc' dir='ltr'>ἥλῳ</span> 
     </span>
     <span class='ocr_line' id='line_1_40' title="bbox 380 4613 1416 4699; baseline 0.01 -25"><span class='ocrx_word' id='word_1_333' title='bbox 380 4613 442 4677; x_wconf 67' lang='lat' dir='ltr'>‘lov</span> <span class='ocrx_word' id='word_1_334' title='bbox 461 4624 577 4684; x_wconf 75' lang='grc' dir='ltr'><em>ἐξωθεῖν</em></span> <span class='ocrx_word' id='word_1_335' title='bbox 593 4629 623 4676; x_wconf 91' lang='lat' dir='ltr'>ut</span> <span class='ocrx_word' id='word_1_336' title='bbox 641 4625 709 4690; x_wconf 88' lang='lat' dir='ltr'>apud</span> <span class='ocrx_word' id='word_1_337' title='bbox 728 4623 847 4678; x_wconf 83' lang='lat' dir='ltr'>Eustath.</span> <span class='ocrx_word' id='word_1_338' title='bbox 866 4625 894 4680; x_wconf 90' lang='lat' dir='ltr'>in</span> <span class='ocrx_word' id='word_1_339' title='bbox 911 4627 1037 4680; x_wconf 87' lang='lat' dir='ltr'>Ananiam</span> <span class='ocrx_word' id='word_1_340' title='bbox 1056 4632 1105 4681; x_wconf 87' lang='lat' dir='ltr'>etc.</span> <span class='ocrx_word' id='word_1_341' title='bbox 1124 4632 1251 4699; x_wconf 80' lang='lat' dir='ltr'>martyras</span> <span class='ocrx_word' id='word_1_342' title='bbox 1267 4643 1293 4696; x_wconf 92' lang='lat' dir='ltr'>p.</span> <span class='ocrx_word' id='word_1_343' title='bbox 1313 4629 1355 4695; x_wconf 84' lang='lat'>52,</span> <span class='ocrx_word' id='word_1_344' title='bbox 1377 4631 1416 4686; x_wconf 81' lang='lat'>12.</span> 
     </span>
    </p>
   </div>
   <div class='ocr_carea' id='block_1_7' title="bbox 373 4776 389 4813">
    <p class='ocr_par' dir='ltr' id='par_1_7' title="bbox 373 4776 389 4813">
     <span class='ocr_line' id='line_1_41' title="bbox 373 4776 389 4813; baseline 0 0"><span class='ocrx_word' id='word_1_345' title='bbox 373 4776 389 4813; x_wconf 73' lang='lat' dir='ltr'>ti</span> 
     </span>
    </p>
   </div>
   <div class='ocr_carea' id='block_1_8' title="bbox 0 0 1772 5392">
    <p class='ocr_par' dir='ltr' id='par_1_8' title="bbox 0 0 1772 5392">
     <span class='ocr_line' id='line_1_42' title="bbox 0 0 1772 5392; baseline 0 0"><span class='ocrx_word' id='word_1_346' title='bbox 0 0 1772 5392; x_wconf 95' lang='lat' dir='ltr'> </span> 
     </span>
    </p>
   </div>
  </div>
 </body>
</html>
