3534 5392
758 415 973 496 455..

291 623 386 679 κτον,
411 595 498 666 odero
522 596 607 664 κατά
618 598 735 688 μικρὸν
757 598 884 686 ἐξαιρεῖ
904 599 959 666 καὶ
983 594 1152 668 ἀναλίσκει
1175 599 1213 666 τδ
1228 598 1429 686 λυπητικόν·

300 694 428 783 ὁμοίως
442 692 530 775 ἴδοις
546 690 586 762 dv
600 698 657 762 καί
671 698 730 763 τδν
746 691 844 778 οίνον,
869 696 971 764 ὅταν
993 695 1160 788 σφόδρα
1182 697 1338 788 ταράξῃ
1361 699 1429 765 καί

297 797 513 893 παροξύνῃ
535 795 783 884 τδάκμαῖον
806 804 875 870 καὶ
897 807 1134 888 corrosisse
1157 797 1285 884 αὖθις
1305 828 1428 870 κατα-

296 910 452 978 δύοντα
476 909 546 976 καλ
567 910 836 978 καθιστάντα
859 913 929 1000 τὴν
952 911 1163 992 διάνοιαν,
1189 906 1241 992 cic
1265 937 1427 1003 πορρω-

295 1015 404 1104 τέρω
428 1014 567 1101 μέθης
590 1018 834 1104 προϊοῦσαν
856 1010 1112 1100 ἡσσχάζεινλ
1144 1017 1190 1082 Ac
1206 1018 1331 1083 videtur
1353 1039 1427 1084 sane

295 1122 418 1206 aliquid
439 1122 509 1187 vitii
531 1121 705 1186 suboluisse
727 1122 986 1206 wyttenbachio,
1017 1145 1089 1188 cum
1117 1123 1331 1202 συνεξέκαυσε
1358 1146 1424 1189 mu-

294 1230 429 1294 tandum
448 1232 591 1293 censeret
611 1227 646 1290 in
668 1226 862 1305 σννεξέλνσε
884 1228 934 1294 vel
954 1227 1182 1308 σννεξέκλυσε,
1208 1251 1289 1312 quae
1306 1229 1333 1293 si
1352 1250 1424 1294 con·

294 1333 426 1397 sulimus
441 1354 558 1398 nexum
572 1331 747 1410 verborum,
763 1332 888 1416 volgato
906 1354 969 1397 non
987 1333 1086 1398 multo
1104 1353 1172 1398 esse
1193 1333 1326 1398 meliora
1342 1335 1422 1399 iudi·

293 1437 442 1504 oabimus
486 1436 599 1520 Itaque
625 1436 730 1500 nescio
761 1457 803 1500 an
826 1436 914 1502 locus
941 1437 1001 1502 hac
1023 1437 1129 1518 potius
1158 1439 1319 1504 curatione
1350 1459 1420 1504 con-

293 1566 459 1610 sanescere
471 1544 629 1609 videatur:
653 1543 759 1622 πολὺς
774 1543 835 1632 γάρ
854 1541 1016 1610 εἰσελθών
1034 1543 1092 1623 είς
1118 1543 1156 1610 τδ
1173 1547 1269 1628 σῶμα
1286 1546 1424 1624 συνεξ-

293 1647 456 1733 έπαασε
474 1646 531 1712 καί
545 1641 760 1712 κατανάλωσε
778 1645 815 1712 τὸ
833 1650 1000 1729 μανιῶδες
1016 1651 1073 1734 τῆς
1089 1652 1205 1736 ψυχῆς,
1229 1672 1309 1733 quae
1325 1651 1421 1716 inler-

293 1749 415 1833 pretan'
436 1749 526 1814 licet:
549 1753 649 1812 vinum
669 1754 783 1832 capnt
797 1753 912 1833 turpius
931 1753 1055 1815 oblatum
1078 1753 1265 1835 (simulatque
1279 1753 1422 1836 insertur)

291 1857 423 1932 furorem
442 1859 538 1918 σοι’νοί
557 1876 668 1918 caesore
686 1854 769 1934 facit
788 1861 997 1939 consumitque,
1020 1855 1116 1938 idque
1135 1877 1198 1922 non
1221 1856 1424 1924 mediocriter

272 1960 420 2060 'firmare
434 1959 560 2026 videtur
580 1960 649 2040 ipse
663 1959 851 2024 Plutarchus
871 1961 906 2024 in
926 1963 1091 2042 proximis
1113 1984 1184 2026 curn
1209 1961 1286 2026 dicit
1306 1959 1421 2052 ὥσπερ

291 2061 312 2155 ἡ
333 2062 508 2154 θρηνῳδία
528 2063 585 2130 καί
608 2057 625 2130 ci
649 2062 842 2151 ἐπικήδειος
863 2059 965 2144 αὐλὸς
988 2066 1022 2132 ἐν
1038 2060 1121 2155 άρχῇ
1145 2063 1260 2144 πάθος
1283 2071 1367 2134 κινεῖ
1381 2107 1422 2120 -

293 2173 380 2242 ούτω
397 2175 481 2239 κατὰ
502 2173 621 2262 μικρὸν
642 2171 812 2260 ἐξαιρεῖ
831 2174 887 2240 καί
911 2167 1150 2241 άναλίσκει’
1163 2173 1202 2240 τὸ
1228 2173 1433 2262 leoprando:

377 2277 421 2340 At
439 2277 537 2341 etiam
557 2274 702 2357 proxima
729 2275 874 2341 laborare
906 2274 1054 2340 videntur
1082 2296 1145 2340 non
1167 2273 1263 2339 nullis
1284 2273 1418 2339 difficul-

289 2379 420 2445 tatibus
461 2379 579 2444 Parnm
608 2380 694 2441 recte
717 2377 816 2455 enim,
837 2377 871 2441 ni
893 2376 999 2454 fallor,
1028 2371 1203 2462 θρηνῳδία
1226 2374 1281 2439 καί
1302 2369 1320 2440 ὁ
1345 2373 1420 2440 ἐπι-

294 2477 428 2567 κήδειος
451 2476 553 2556 αύλός
574 2478 719 2562 arguitur
737 2473 923 2565 δάκρυον
945 2474 1182 2559 ἐκβάλλειν,
1208 2475 1293 2558 quod
1305 2475 1422 2559 ubique

291 2585 445 2666 accipitur
467 2583 507 2648 de
527 2602 565 2646 eo
584 2587 638 2664 ηνι·
656 2585 793 2645 lacrimas·
806 2580 922 2659 fundit.
960 2578 1027 2644 Nec
1047 2577 1141 2642 aliter
1163 2576 1279 2642 dicitur
1301 2573 1420 2656 ἐκβάλ-

292 2687 362 2750 λειν
384 2675 469 2766 αἷμα
492 2683 532 2768 (e.
554 2704 583 2765 g.
597 2680 671 2764 Syll.
684 2685 723 2746 37
746 2679 825 2744 conl.
848 2679 956 2743 Artax.
982 2685 1016 2744 11
1042 2667 1126 2756 αἷμα
1150 2678 1210 2740 τοῦ
1230 2673 1421 2762 τραύματος

288 2779 513 2868 ἐκβαλόντος),
536 2778 585 2847 ίδν
606 2777 780 2862 ἐκβάλλειν
802 2773 865 2864 (lov
889 2777 946 2842 καὶ
970 2773 1134 2863 πονηρίαν
1155 2774 1190 2842 ἐκ
1213 2776 1273 2839 τοῦ
1294 2767 1420 2856 στόμα-

290 2914 348 2967 τος
377 2885 551 2971 ἐκβάλλειν
581 2885 611 2952 S.
632 2872 739 2968 Chrys
767 2882 809 2947 ad
837 2904 909 2964 pop.
931 2880 1075 2946 Antioch.
1107 2877 1170 2957 IV,
1198 2898 1228 2961 p.
1254 2881 1333 2956 388,
1357 2876 1420 2962 32),

292 2994 428 3084 σπέρμα
444 2988 617 3074 ἐκβάλλειν
635 2989 684 3075 (ut
694 2989 775 3053 Plut.
788 2987 891 3073 Symp.
902 2985 990 3064 VIII,
1002 2991 1029 3064 9,
1042 2990 1060 3052 3
1071 3005 1101 3066 p.
1114 2989 1202 3061 7330
1217 2978 1421 3072 ἐκβάλλοντα

293 3096 377 3181 μετὰ
399 3097 529 3162 πολλοῦ
550 3094 799 3182 σπέρματος
828 3087 986 3178 θηρίδιον
1011 3087 1096 3165 κτλ,
1133 3085 1229 3170 qnod,
1265 3085 1326 3150 nisi
1352 3084 1422 3168 quis

291 3202 461 3267 Plutarcho
476 3197 645 3266 obtrudere
660 3197 729 3261 vult
748 3199 977 3277 spermatozoa,
998 3190 1049 3256 vel
1065 3189 1135 3254 fieri
1152 3209 1243 3270 posse
1267 3192 1419 3265 autumat,

292 3313 330 3372 ut
342 3306 477 3372 mirifica
491 3305 553 3369 ista
572 3303 709 3369 bestiola
724 3301 760 3365 in
781 3298 943 3364 testiculos
964 3295 1014 3360 vel
1033 3294 1169 3359 vesicam
1190 3314 1257 3357 sese
1280 3292 1418 3356 insinua·
1493 3359 1495 3363 ,

293 3413 376 3478 verit
393 3411 582 3492 nescioquo
600 3408 708 3485 modo,
731 3405 862 3489 perinde
884 3409 979 3487 atque
994 3399 1122 3466 canulas
1142 3420 1213 3464 cum
1231 3419 1315 3481 aqua
1328 3396 1417 3479 palu-

291 3519 351 3582 stri
369 3515 547 3582 inoonsnlto
563 3514 679 3579 hausta
695 3514 731 3578 in
745 3511 942 3577 stomachum
953 3507 1155 3592 'immigrasse
1170 3505 1279 3588 ibique
1295 3503 1336 3568 ad
1354 3503 1417 3567 exi·

294 3628 392 3692 miam
413 3624 665 3710 magnitudinem
693 3622 850 3687 enutritas
879 3640 961 3696 esse,
987 3618 1069 3684 serio
1091 3617 1167 3681 olim
1189 3612 1293 3680 edocti
1315 3632 1421 3676 sumus

295 3731 434 3815 pueruli,
456 3729 581 3796 etiamsi
600 3727 771 3792 Plutarcho
799 3723 991 3800 concesseris
1020 3719 1142 3805 aliquid
1173 3719 1288 3783 harum
1315 3737 1422 3782 rerum

204 3831 206 3837 '
293 3832 507 3916 ignorantiae,
537 3828 617 3895 adeo
649 3826 822 3894 absurdum
843 3825 945 3892 rideri
967 3828 1085 3906 potest,
1117 3825 1237 3885 utnon
1258 3818 1363 3895 mirer,
1393 3817 1420 3882 si

293 3938 364 4021 quis
379 3935 574 4023 σπέρματος
590 3955 609 4000 a
625 3930 819 4013 πτύσματος
838 3930 888 3997 vel
906 3931 1098 4016 φλέγματος
1118 3929 1300 4006 συνταράττῃ
1315 3921 1422 3988 credat

293 4039 348 4105 cir.
371 4037 486 4102 Buffon
507 4036 563 4118 Op.
585 4033 656 4099 Vol.
682 4033 729 4098 IV
751 4054 781 4117 p.
806 4038 844 4098 31
877 4031 966 4116 sqq.)¹
1018 4027 1168 4114 Eiusdem
1196 4025 1320 4110 generis
1349 4029 1422 4088 sunt

292 4143 406 4232 φωνὴν
428 4139 601 4224 ἐκβάλλειν
621 4139 713 4222 (Plut.
735 4137 819 4204 Caes
844 4137 907 4221 66),
929 4131 1044 4200 ’ίοολον
1067 4129 1240 4212 ἐκβάλλειν
1261 4127 1418 4215 (Philostr.

292 4251 358 4315 iun.
379 4268 410 4330 p.
437 4253 509 4324 119,
529 4251 569 4312 26
592 4244 682 4330 Iac),
714 4237 854 4318 δδύντας
884 4237 1057 4322 ἐκβάλλειν
1089 4233 1253 4322 (Herodot.
1275 4233 1335 4311 VI,
1361 4238 1420 4298 107

295 4349 448 4418 Artemid.
463 4349 488 4426 l,
505 4349 568 4435 31),
584 4348 642 4413 τδν
662 4342 794 4428 χαλινδν
817 4342 988 4426 ἐκβάλλειν
1012 4335 1080 4405 (ind
1102 4341 1162 4404 τοῦ
1182 4335 1349 4419 στόματος
1368 4331 1421 4418 (de

294 4457 384 4542 equis
403 4455 434 4520 S.
457 4453 615 4539 Chrysost.
637 4453 676 4518 de
698 4450 729 4518 S.
745 4449 866 4534 Babyla
887 4469 917 4530 p.
936 4450 1006 4524 228,
1030 4449 1093 4530 23),
1116 4443 1229 4529 quibus
1252 4437 1327 4504 addi
1349 4457 1420 4518 pos-

293 4568 369 4630 sunt
388 4561 454 4628 alia
473 4560 583 4627 multa.
634 4557 739 4641 Atque
760 4553 872 4623 eodem
893 4551 1057 4617 intellectu
1080 4545 1221 4634 δάκρυον
1245 4534 1416 4624 ἐκβάλλειν
