3534 5392
848 469 892 491 -ι
935 441 1063 506 94·-

395 625 460 671 non
481 603 560 672 adeo
580 625 655 672 rara
676 604 827 688 sparsisse
846 604 1008 686 videntur,
1038 609 1075 672 ut
1095 627 1160 674 non
1178 627 1250 674 sues
1270 606 1448 692 quamlibet
1464 625 1516 674 vo

395 730 494 791 rates,
516 730 576 776 nec
598 709 718 776 sciheet
739 709 843 776 minus
865 731 936 776 sues
957 732 1054 794 quam
1074 711 1264 777 nostratium
1284 711 1428 795 porcelli,
1449 710 1519 793 plus

390 819 468 885 satis
492 839 663 902 manorum
690 819 831 904 vestigiis
862 817 1101 901 depressissent.
1157 821 1203 886 Ac
1223 821 1355 906 pinguia
1384 841 1462 886 arva
1481 841 1520 885 ex

392 941 455 986 uno
477 920 596 986 semine
617 919 764 988 fruticem
785 941 878 1004 saepe
896 943 1100 987 numerosum
1119 921 1252 1006 fundere
1272 923 1465 1008 densamque
1480 943 1520 988 ex
1647 944 1648 949 ¹

390 1041 464 1087 raro
480 1020 599 1088 semine
614 1025 753 1106 segetem
767 1021 922 1098 omittere,
943 1021 972 1086 si
986 1042 1051 1088 non
1063 1043 1137 1086 usus
1150 1022 1286 1103 doceret,
1300 1022 1420 1088 diserto
1433 1018 1518 1086 haud

390 1126 484 1193 dubie
500 1126 583 1193 Plini
604 1127 785 1193 testimonio
807 1125 929 1194 discere
949 1147 1112 1209 possemus
1128 1127 1195 1209 (cfr.
1210 1128 1290 1193 Plin
1306 1128 1338 1194 h.
1354 1150 1386 1193 n.
1398 1124 1518 1205 XVIII,

390 1237 445 1310 24,
463 1236 544 1316 199).
582 1231 694 1316 Itaque
711 1231 790 1297 haec
804 1231 933 1315 quidem
948 1253 1040 1298 suum
1055 1234 1312 1299 commemoratio
1330 1255 1396 1300 non
1409 1233 1515 1298 admo-

391 1334 467 1400 dum
485 1355 633 1426 magnam
654 1333 875 1401 difficultatem
896 1335 1003 1402 habet
1050 1335 1113 1402 Sed
1136 1359 1199 1422 quo
1223 1337 1401 1421 expeditior
1418 1337 1453 1402 in
1468 1335 1518 1401 his

391 1439 471 1505 mihi
489 1439 616 1506 uidetur
636 1459 745 1522 opera,
765 1461 803 1507 eo
823 1439 925 1524 magis
946 1440 1144 1525 exagitamur
1155 1442 1308 1510 intricata
1326 1441 1518 1526 quaestione,

390 1542 444 1626 qui
466 1541 585 1608 lactum
605 1542 661 1620 sit,
695 1563 766 1606 cum
787 1540 828 1606 ab
848 1539 1010 1608 Herodoto
1032 1547 1064 1608 et
1093 1541 1273 1626 pedisequis
1301 1543 1369 1608 eius
1391 1545 1519 1626 praeter

391 1642 565 1708 Diodorum
580 1641 623 1708 ad
643 1661 741 1708 unum
756 1641 914 1721 omnibus,
931 1641 1080 1726 Aegyptii
1098 1641 1216 1709 diserte
1238 1643 1388 1709 dieantur
1406 1665 1472 1706 auca
1487 1646 1518 1704 ι’κι

390 1771 473 1832 apros
491 1753 591 1814 tritico
610 1752 730 1812 οοκείίοε
750 1751 855 1831 opicae,
878 1752 915 1812 ut
935 1747 970 1812 id
992 1748 1078 1833 quod
1099 1746 1140 1813 ed
1161 1771 1230 1814 rem
1251 1749 1388 1816 maxime
1410 1768 1515 1814 neces-

389 1855 509 1918 sarium
530 1856 613 1918 esset
634 1851 674 1919 ab
696 1873 759 1916 uno
779 1851 965 1932 Plutarcho,
996 1853 1031 1916 in
1060 1853 1174 1920 ceteris
1193 1858 1249 1919 aut
1277 1853 1359 1918 nihil
1381 1859 1438 1920 aut
1457 1873 1513 1936 pu-

388 1960 495 2027 sillum
516 1958 556 2025 ab
579 1964 708 2026 auctore
738 1957 934 2038 discedente,
967 1981 1039 2024 oum
1066 1959 1184 2044 insigni
1213 1961 1390 2027 sententiae
1417 1960 1512 2026 detri-

388 2070 495 2132 mento
524 2064 748 2130 omitteretur?
791 2062 897 2147 Atque
930 2047 1106 2128 indicatum
1134 2062 1231 2130 finisse
1258 2064 1334 2129 olim
1364 2062 1516 2131 eiusmodi

386 2171 477 2256 quid,
505 2169 611 2236 nescio
640 2189 683 2234 an
709 2169 927 2235 testimonium
954 2170 1131 2252 praebeant
1157 2169 1255 2257 verba
1284 2170 1402 2254 quibus
1435 2170 1512 2234 haee

388 2275 613 2340 continuantur
644 2270 701 2337 καί
729 2270 787 2336 τὸν
817 2269 946 2360 σπόρον
968 2263 1180 2363 ἀπέκρυψαν.
1232 2272 1289 2337 Oui
1316 2272 1515 2340 incommodo

386 2401 449 2465 quo
480 2377 614 2444 satisfiat
646 2376 794 2462 equidem
822 2398 888 2444 nou
918 2376 1009 2443 video
1041 2377 1119 2462 quid
1148 2400 1168 2444 a
1198 2378 1369 2445 Plutarcho
1403 2379 1515 2462 aptius,

387 2489 494 2550 cetera
515 2482 622 2548 omnia
643 2480 762 2548 eisdem
782 2501 884 2563 paene
910 2502 983 2546 cum
1003 2481 1164 2549 Herodoto
1193 2482 1299 2549 vorbis
1318 2483 1515 2562 redhibente,

387 2589 513 2658 exarari
538 2587 679 2672 potuerit
706 2607 799 2672 quam
831 2579 903 2651 ἀλλ’
924 2582 1006 2651 ὅταν
1035 2580 1053 2652 ὃ
1081 2585 1205 2665 Νεῖλος
1227 2581 1383 2676 ἀπορρέῃ
1411 2611 1513 2653 κατα-

387 2695 510 2785 βρέξας
536 2692 596 2774 τάς
628 2687 775 2783 άροάρας
804 2689 1116 2769 ἐπακολουθοῦντες
1146 2691 1219 2756 καί
1244 2687 1513 2779 ,σπείροντες
1647 2700 1648 2709 ’

385 2797 447 2877 τάς
468 2787 506 2876 ὗς
518 2795 733 2880 κατέβαλλον,
758 2815 838 2878 quae
852 2793 930 2878 quid
947 2793 1125 2878 significent
1145 2798 1272 2858 nonest
1291 2792 1377 2877 quod
1393 2793 1515 2860 dicatur

389 2901 542 2984 pluribus.
585 2899 654 2966 Hoc
674 2920 773 2964 unum
795 2898 918 2978 addam,
940 2920 981 2964 ne
1008 2901 1079 2984 quis
1108 2922 1180 2966 cum
1201 2901 1331 2967 Reiskio
1352 2906 1513 2986 exspectet

387 2997 597 3084 εἰσέβαλλον,
628 2999 664 3064 in
690 2999 877 3065 memoriam
903 2983 1116 3066 revocandum
1136 3001 1341 3069 Plutarchum
1361 3004 1451 3088 loqui
1475 3003 1513 3067 de

386 3105 465 3171 locis
485 3104 656 3188 depressis,
678 3103 733 3170 ubi
753 3103 845 3170 Nilus
861 3126 1024 3190 regressus
1043 3106 1212 3187 resederit,
1238 3114 1276 3173 ut
1295 3109 1511 3194 quaerendum

384 3212 440 3289 sit,
471 3211 625 3277 meritone
657 3209 699 3274 sit
726 3208 944 3292 repudiatum,
980 3209 1066 3294 quod
1097 3211 1132 3275 in
1162 3213 1267 3278 verbis
1298 3212 1392 3280 Clem.
1424 3213 1511 3279 Alex.

383 3315 539 3399 Protrept.
561 3335 592 3398 p.
617 3313 713 3393 141³,
742 3313 912 3397 perspicua
940 3314 1161 3382 emendatione
1183 3316 1322 3384 Lobeclri
1348 3318 1511 3404 temptatis

385 3418 553 3504 (Aglaoph.
576 3439 607 3501 p.
631 3421 692 3484 827
712 3423 802 3504 sqq),
823 3439 883 3501 pro
904 3404 1030 3505 volgato
1048 3419 1184 3510 χοίρους
1205 3420 1438 3506 ἐκβάλλοντες,
1460 3423 1510 3490 cui

384 3523 547 3590 substituit
570 3517 802 3606 ἐσβάλλοντες,
832 3544 853 3590 a
874 3522 1027 3591 Salmasio
1055 3527 1253 3610 propositum
1273 3534 1344 3595 erat
1372 3525 1507 3620 χοίρους

384 3621 666 3708 καταβάλλοντες,
697 3642 769 3688 cum
790 3643 893 3690 sermo
918 3625 961 3691 sit
985 3625 1024 3692 de
1046 3625 1263 3693 subterraneis
1291 3628 1446 3708 cavernis,
1475 3629 1509 3693 in

384 3745 463 3810 quas
490 3743 603 3807 porcos
631 3721 846 3790 demerserint.
900 3723 963 3792 Sed
990 3730 1077 3792 totus
1102 3727 1165 3794 iste
1193 3728 1280 3794 locus
1307 3751 1348 3796 ne
1369 3729 1506 3797 lobeoki

382 3828 510 3915 quidem
532 3827 706 3912 suspitione
726 3833 914 3910 persanatus
937 3828 1070 3897 uidetur.
1120 3831 1159 3896 In
1180 3832 1246 3898 alia
1267 3853 1362 3900 causa
1382 3834 1503 3900 Plutar-

382 3937 460 4002 chus
480 3934 520 4000 de
538 3933 717 4017 ,vulpeculis
736 3956 756 4000 a
777 3933 923 4002 barbaris
943 3935 978 4001 in
1001 3935 1113 4004 fluvios
1132 3939 1313 4021 praemissis
1333 3939 1375 4006 ad
1392 3941 1504 4028 glaciei

380 4032 621 4099 crassitudinem
634 4033 848 4119 indagandam
861 4037 1025 4118 usurpavit
1041 4036 1246 4126 προβάλλειν
1261 4040 1301 4107 de
1314 4042 1419 4124 primo
1434 4043 1507 4128 frig?

380 4160 410 4223 p.
433 4139 532 4206 949d
556 4134 639 4205 ὅθεν
660 4136 694 4208 oi
714 4138 883 4230 βάρβαροι
906 4141 1120 4227 διαβαίνουσι
1147 4143 1249 4233 πεζῇ,
1278 4146 1504 4236 προβαλόντες

381 4237 561 4319 άλυίπεκας
583 4241 663 4322 κτλ,
686 4243 802 4327 quibus
823 4243 950 4310 confero
970 4245 1060 4311 Paus.
1075 4246 1135 4326 IX,
1158 4249 1191 4326 8,
1217 4255 1232 4314 1
1256 4247 1290 4326 ές
1310 4248 1352 4314 τά
1374 4253 1502 4341 μέγαρα

380 4341 567 4428 καλούμενα
599 4337 782 4432 άφιάσιν
811 4333 857 4424 ὗς
882 4350 948 4412 τῶν
975 4351 1125 4436 νεογνῶν.
1223 4369 1227 4371 “

463 4449 502 4515 ln
523 4447 634 4516 eadem
654 4448 771 4515 uicinia
799 4450 879 4517 haec
909 4448 1059 4538 leguntur
1087 4452 1147 4544 τὴν
1176 4455 1213 4522 δέ
1242 4443 1280 4522 ὗν
1309 4451 1500 4548 ἀποχρη-

379 4553 539 4636 στῆσαι
569 4547 626 4615 καί
652 4551 822 4634 τιμᾶσθαι
858 4552 1012 4642 λέγουσι·
1046 4552 1162 4645 πρώτη
1190 4556 1254 4648 χάρ
1284 4556 1428 4643 σχίσασα
1455 4559 1502 4646 τῷ
