3534 5392
688 465 902 530 ..99-

245 619 442 688 scribendum
463 643 532 690 esse
559 619 646 689 ἀλλὰ
668 623 727 712 τὴν
748 623 879 714 τροφήν
902 621 1049 714 ὥσπερ
1079 617 1273 712 ἀθλητοῦ
1299 617 1364 688 σί·

244 745 360 810 τησιν
384 725 488 813 περί
515 721 811 810 τοῦσώματος
833 721 1003 806 εὐεξίαν
1025 721 1282 792 ἀναλίσκων.
1326 725 1366 790 Iu

242 827 353 909 quibus
374 827 461 912 quod
476 829 723 914 Wyttenbaehio
743 829 824 897 duce
846 830 995 914 adoptari
1016 824 1186 909 εὐεξίαν
1206 851 1265 914 pro
1281 831 1361 916 τοὶς.

241 926 433 1012 ἀταξίαν,
456 934 507 999 vel
521 939 558 999 ut
578 934 633 1000 alii
654 933 729 1000 libri
750 939 916 1016 praestant
930 930 1094 1012 εὐταξίαν,
1111 933 1230 999 idcireo
1243 933 1363 1000 maim

240 1038 299 1110 est,
328 1035 410 1118 quia
429 1040 502 1118 post
522 1037 632 1119 priora
653 1040 840 1102 continentiae
861 1036 999 1119 repetita
1024 1037 1145 1102 mentio
1164 1038 1218 1103 uix
1237 1037 1366 1103 admitti

239 1155 329 1216 posse
344 1137 523 1204 videbatur.
566 1137 713 1205 (laterum
734 1137 774 1204 de
796 1137 908 1205 eadem
924 1140 1065 1222 corpeus
1079 1132 1190 1228 εὐεξίᾳ
1204 1145 1365 1206 certamen

239 1259 294 1320 per
318 1241 491 1309 Graeciam
520 1244 701 1309 iusdmtum
728 1241 882 1308 indicavit
909 1243 1008 1316 etiam
1034 1242 1096 1308 Dio
1117 1240 1275 1326 chrysost
1301 1242 1366 1308 XII

239 1359 266 1419 p.
277 1344 355 1440 Ἃρ,
380 1336 483 1428 81).ἡ
507 1339 669 1427 σύμπασα
688 1336 805 1422 Ἑλλάς
821 1339 948 1421 θυσίας
961 1366 998 1409 τε
1011 1339 1146 1409 θύουσα
1164 1341 1201 1408 έκ
1217 1345 1280 1410 τῶν
1298 1367 1367 1410 πα.

239 1438 365 1529 ράντοιν
387 1445 659 1535 μεγαλοπρεπεῖς
686 1444 744 1512 καί
766 1443 807 1533 dr}
836 1445 894 1513 καὶ
921 1445 979 1513 τὸν
1000 1440 1235 1515 εὐκλεέστατον
1255 1441 1368 1534 ἀχῶνα

237 1551 375 1617 τιθεῖσα
390 1545 546 1641 ἀπαρχάς
565 1545 696 1631 εὐεξίας
711 1550 768 1618 καί
785 1551 900 1642 ῥώμης
917 1551 974 1620 καί
988 1549 1116 1638 τάχους,
1141 1575 1273 1639 eamque
1295 1555 1365 1621 ath·

236 1651 316 1720 letas
331 1655 481 1722 fabarum
495 1657 691 1724 nubimenta
711 1663 935 1724 consecuturos
955 1679 1023 1726 esse
1044 1659 1210 1726 admonuit
1229 1660 1368 1728 Galama

238 1753 275 1822 ds
287 1759 376 1826 alim.
392 1760 492 1839 isal,
514 1761 597 1829 19Τ.
613 1760 660 1826 Vl
674 1781 704 1844 p.
721 1767 791 1840 529,
810 1761 895 1829 11K.
916 1762 974 1828 καί
991 1759 1139 1850 πλείστῳ
1155 1787 1192 1850 γε
1204 1762 1311 1852 τούτῳ
1323 1767 1371 1851 τῷ

238 1856 399 1945 ἐδέσματι
416 1857 495 1928 καθ’
514 1857 654 1950 ἑκάστην
669 1857 795 1951 ἡμέραν
813 1861 844 1929 oi
863 1858 944 1952 παρ’
966 1858 1044 1951 ἡμῖν
1060 1863 1247 1949 μονομάχοι
1263 1869 1367 1954 χρῶν-

237 1983 306 2043 ται,
330 1967 595 2052 σαρκοῦντες
622 1964 695 2051 τὴν
724 1966 799 2030 τοῦ
828 1962 1030 2045 σώματος
1058 1962 1149 2043 έξιν
1180 1959 1241 2030 οὐκ
1269 1963 1369 2054 έσφι-

238 2061 338 2151 χμένῃ
355 2063 465 2130 τεκαὶ
482 2066 590 2153 πυκνῇ
608 2063 717 2152 σαρκί,
741 2062 902 2154 καθάπερ
917 2060 957 2130 τὸ
976 2062 1124 2152 χοίρειον
1143 2065 1259 2154 κρέας,
1281 2060 1369 2132 ἀλλὰ

234 2163 421 2253 χαυνοτέρα
443 2188 516 2243 πως
536 2165 681 2248 μᾶλλον,
704 2163 744 2230 de
763 2185 826 2248 quo
846 2164 916 2231 looo
937 2163 1072 2248 aliisque
1094 2165 1285 2249 quibusdam
1305 2167 1367 2232 hue

240 2272 476 2349 pertinentibus
497 2273 663 2342 scitissime
685 2273 832 2355 exposuit
851 2271 887 2341 L.
901 2272 1137 2353 Friedlaende'r,
1159 2272 1367 2359 Sitteugeseh.

239 2367 337 2439 Roma
367 2371 401 2438 Π
429 2391 459 2454 p.
488 2379 558 2451 207,
585 2380 619 2453 2,
650 2379 686 2438 ut
714 2395 772 2458 ego
802 2373 856 2439 vix
884 2373 986 2440 ullum
1013 2375 1229 2442 testimmum
1259 2376 1300 2443 ab
1330 2398 1369 2444 eo

242 2476 506 2555 praetermissum
526 2475 644 2544 addere
667 2477 833 2560 potuerim.

330 2579 534 2663 Quantopere
555 2579 761 2647 librariorum
788 2579 954 2646 amemus
982 2579 1017 2644 in
1045 2578 1286 2663 participiorum
1306 2584 1369 2645 ter·

242 2685 473 2754 minationibus
490 2707 549 2770 pro
571 2685 706 2754 arbitrio
733 2686 768 2750 in
794 2685 935 2752 deterius
956 2683 1117 2752 mutandis
1137 2689 1280 2769 grassata
1300 2683 1367 2750 bre·

239 2784 281 2848 rit
300 2807 364 2870 per
385 2787 555 2871 scriptores
582 2787 720 2854 labentis
750 2786 949 2868 potissimum
979 2787 1063 2866 aevi,
1092 2786 1146 2852 uix
1164 2786 1270 2869 aptius
1291 2789 1369 2870 poni

241 2897 362 2975 poterit
383 2896 577 2978 exemplum,
606 2917 702 2980 quam
728 2895 825 2962 verba
852 2894 1016 2962 Plutarchi
1043 2894 1079 2959 in
1101 2893 1202 2962 Praei.
1224 2895 1297 2963 libr.
1319 2894 1368 2962 VI

241 3017 268 3077 p.
292 3003 398 3077 osec,
417 3003 557 3065 bectats
575 2998 633 3066 illa
652 3020 673 3064 a
693 2997 801 3064 mults
823 3017 937 3081 parum
958 2997 1044 3064 felici
1074 3018 1235 3077 successu,
1257 3019 1366 3082 quam·

240 3123 337 3186 quam
367 3104 532 3171 bandum
559 3111 607 3172 est
645 3101 712 3170 veri
747 3103 870 3188 aliquid
912 3103 1087 3170 suboluisse
1114 3103 1370 3186 Wytteubaohio.

241 3203 277 3270 In
297 3207 352 3273 his
371 3211 541 3292 postquam
561 3206 714 3289 explicuit
741 3211 865 3284 auctor,
892 3226 989 3289 quam
1009 3203 1188 3270 inliberalis
1214 3205 1256 3268 sit
1280 3205 1368 3270 volu·

241 3315 368 3391 pistum
389 3331 472 3394 quae
493 3331 511 3376 e
533 3308 604 3376 cibo
625 3314 741 3392 potuve
762 3307 982 3392 percipiantur
1001 3303 1197 3384 recordatio,
1226 3304 1273 3369 sio
1294 3325 1368 3370 con-

239 3415 382 3484 tinuatur
401 3416 504 3482 oratio
521 3412 767 3503 προβλημάτων
788 3411 825 3479 δὲ
847 3411 904 3478 καί
927 3408 1034 3498 λόγων
1057 3405 1257 3499 φιλοσόφων
1284 3403 1370 3476 ὐπο-

238 3521 354 3600 θέσεις
391 3515 512 3600 αὐτούς
542 3520 621 3599 τούς
648 3518 877 3606 μεμνημένους
904 3512 1142 3607 εὐφραίνουσιν
1177 3509 1231 3583 ἀεὶ
1262 3511 1371 3606 πρόσ-

240 3642 345 3708 φατοι
368 3623 550 3712 παροῦσαι·
582 3619 653 3688 καί
681 3621 780 3700 τούς
810 3614 1174 3708 ἀπολειφθέντας
1198 3613 1269 3701 οὐχ
1297 3607 1370 3685 ὐτ-

238 3749 310 3794 τον
333 3722 394 3804 είς
416 3723 562 3794 αἰτίαν
585 3727 830 3815 παρέχουσι
851 3720 1110 3802 τοίςαύτοίς
1126 3714 1370 3800 ἀκούοντας

241 3829 313 3897 καί
332 3825 757 3915 μεταλαμβάνοντος.
807 3827 879 3895 Non
901 3847 980 3910 opus
1002 3825 1128 3892 videtur
1146 3829 1184 3889 ut
1204 3823 1244 3890 de
1262 3825 1368 3912 singu·

242 3933 280 4002 lie
300 3935 414 4004 dicam
464 3935 550 4002 illud
577 3939 725 4020 apertum
754 3940 816 4013 est,
847 3935 951 4002 lenius
980 3931 1269 4020 interpungendum
1300 3954 1368 4000 esse

124 4095 125 4106 ,
239 4045 311 4120 post
329 4043 511 4127 παροῦσαι,
536 4061 638 4125 neque
655 4060 713 4122 per
730 4039 920 4105 sententiam
938 4037 1009 4103 fieri
1020 4040 1138 4119 potest,
1161 4041 1198 4101 ut
1214 4035 1273 4100 καί
1293 4038 1373 4114 τούς

241 4135 519 4229 ἀπολειφθέντας
546 4142 718 4228 iungantur
739 4163 810 4208 oum
829 4141 1004 4225 prioribus,
1032 4139 1067 4205 id
1087 4138 1173 4223 quod
1192 4140 1368 4207 inconside-

239 4248 340 4314 ratius
360 4247 438 4316 iecit
457 4247 621 4329 Reislrius,
639 4247 674 4312 in
691 4269 728 4314 ec
742 4253 850 4314 amen
865 4248 900 4312 ni
913 4247 1055 4312 fallimur
1068 4267 1178 4312 verum
1194 4245 1370 4325 adsecth

238 4350 322 4434 quod
345 4345 466 4430 αὐτούς
487 4375 523 4417 τε
545 4351 623 4430 τούς
644 4351 846 4419 scribendum
858 4351 1064 4434 proponebat.
1098 4349 1177 4416 Tum
1195 4351 1289 4418 facile
1309 4352 1373 4416 erit

240 4455 377 4524 nitorem
398 4477 490 4523 suum
509 4456 644 4528 reddere
664 4457 818 4544 proximis
837 4457 962 4549 uerbis,
980 4478 1062 4542 quae
1083 4458 1136 4522 vix
1162 4454 1372 4525 dubitandum

239 4566 285 4628 est
311 4562 391 4650 quin
410 4562 489 4632 olim
506 4562 552 4631 sie
573 4563 693 4650 scripta
714 4563 834 4633 fuerim
854 4561 910 4628 καί
932 4565 1004 4648 τοῖς
1026 4559 1291 4650 ἀπολειφθεῖσιν
1315 4555 1373 4644 οὐχ

1171 4698 1210 4755 '¹0
