3534 5392
869 473 1082 554 -το-

418 653 512 719 quam
533 634 695 718 exemplar
722 633 838 700 codicis
858 633 1113 702 Vindobonensis
1140 655 1212 698 cum
1242 633 1387 700 omnibus
1418 629 1546 698 mendis

418 740 577 806 erroribus
598 740 719 804 lacunis
738 739 856 806 eadem·
869 739 933 805 fide
953 737 1124 824 eademque
1156 743 1224 804 arte
1248 737 1332 824 typis
1353 755 1548 818 expressum,

336 878 339 884 f
416 851 511 928 atque
532 866 624 921 nunc,
646 845 673 908 si
693 866 793 927 parva
820 844 896 910 licet
927 865 1103 927 conponere
1126 843 1264 927 magnis,
1285 840 1473 925 Aeschylum
1503 860 1548 904 ex

420 947 527 1011 codice
550 947 692 1012 Medicec
718 948 889 1029 repetitum
919 947 1101 1013 desiderant
1121 948 1227 1026 multi,
1256 947 1419 1030 aliquanto
1440 951 1473 1010 et
1495 943 1544 1009 fa·

416 1048 507 1114 cilior
528 1054 560 1116 et
581 1051 696 1115 certior
717 1057 799 1116 esset
820 1052 933 1117 horum
955 1051 1109 1118 librorum
1130 1052 1315 1130 diorthcsis,
1335 1073 1430 1136 quam
1452 1069 1546 1128 nune,

417 1155 473 1221 ubi
490 1155 573 1221 nihil
593 1155 747 1222 habemus
767 1157 828 1221 nisi
850 1157 949 1224 libros
981 1179 1020 1223 ex
1048 1157 1298 1224 coniecturarum
1328 1155 1418 1240 quasi
1445 1160 1544 1220 tesse-

417 1256 503 1335 rulis,
524 1278 715 1344 quamquam
735 1258 821 1324 haud
834 1281 908 1324 raro
921 1261 1035 1324 summi
1049 1259 1170 1345 ingenii
1186 1259 1368 1344 egregiique
1390 1256 1547 1322 acuminis

417 1380 493 1445 prae
510 1385 542 1429 se
555 1363 730 1430 ferentibus
746 1366 886 1449 vestigia,
909 1364 950 1430 ad
971 1365 1100 1430 modum
1121 1366 1236 1431 musivi
1252 1365 1357 1448 operis
1373 1362 1543 1430 artificiose

416 1474 589 1550 conpostcs
627 1469 761 1535 Interim
781 1489 839 1535 nos
856 1474 893 1533 ut
907 1469 1088 1552 poterimus,
1112 1468 1280 1536 emendare
1302 1489 1470 1554 pergemus
1484 1467 1546 1532 hos

415 1571 522 1637 libros.
565 1571 648 1638 Nam
674 1575 745 1657 quis
773 1573 885 1641 modus
914 1597 980 1642 esse
1011 1577 1124 1660 possit,
1152 1583 1190 1642 ut
1209 1578 1269 1643 Ios.
1292 1575 1456 1662 scaligeri,
1483 1577 1545 1640 riri

416 1677 620 1756 immertalis,
647 1683 721 1744 utar
747 1679 852 1746 verbis
883 1679 1035 1763 (Epistul.
1058 1681 1119 1760 111,
1143 1685 1205 1749 232
1226 1703 1257 1765 p.
1281 1681 1365 1769 497)
1386 1677 1546 1765 purgandi

417 1781 690 1867 Symposiacorum
717 1783 872 1850 librorum
896 1787 1029 1865 stabuli,
1052 1809 1123 1852 cum
1142 1791 1192 1852 tot
1212 1807 1311 1870 prope
1333 1785 1449 1852 menda
1470 1785 1544 1866 sint,

419 1892 496 1977 quot
515 1907 623 1953 versus
654 1893 687 1952 et
709 1895 886 1956 commata?
927 1891 972 1956 Ac
992 1891 1131 1975 primum
1159 1891 1288 1975 quidem
1310 1890 1435 1956 adicere
1454 1891 1545 1957 lubet

417 1989 562 2072 exempla
589 1987 758 2075 quaedam,
787 1991 843 2056 ubi
873 1992 920 2057 vis
948 1997 1094 2075 repertae
1122 1993 1266 2058 veritatis
1289 1991 1340 2057 nel
1360 1991 1427 2058 sine
1448 2011 1543 2075 argu·

415 2098 593 2160 mentorum
612 2093 799 2179 ambagibus
819 2096 959 2161 animum
979 2083 1125 2179 inprimis
1146 2095 1242 2163 ferire
1263 2098 1372 2179 possit.

503 2196 553 2272 Ita
575 2195 660 2279 quod
682 2197 717 2261 in
745 2195 850 2281 Symp.
873 2197 966 2276 VIII,
989 2203 1065 2277 3,2
1095 2221 1125 2283 p.
1148 2205 1244 2268 7210.
1276 2201 1397 2267 scribae
1416 2199 1541 2264 Plutar-

416 2298 511 2363 chum
532 2299 730 2365 adserentem
751 2300 873 2366 faciunt
896 2295 1004 2370 αὐτῶν
1027 2303 1064 2368 δὲ
1087 2306 1150 2368 τῶν
1165 2301 1328 2388 σωμάτων
1341 2303 1461 2393 χρυσὸς
1481 2303 1543 2387 μὲν

419 2404 476 2470 καὶ
491 2402 619 2483 λίθος
641 2399 708 2470 ὑπὸ
726 2404 934 2493 πληρότητος
950 2403 1137 2493 ἰσχνόφωνα
1154 2407 1210 2474 καί
1224 2410 1356 2496 δυσηχῆ,
1373 2448 1416 2458 -
1431 2402 1543 2497 εὔφω-

416 2527 473 2583 νος
494 2504 530 2571 δὲ
553 2505 607 2572 καί
632 2505 735 2584 λάλος
765 2501 783 2570 ὁ
806 2506 929 2588 χαλκὸς
950 2509 1019 2574 κτλ.
1048 2509 1149 2576 fateor
1181 2532 1232 2576 me
1259 2533 1323 2575 non
1349 2511 1544 2597 intellegere,

416 2629 518 2692 neque
539 2610 725 2694 intellegent
745 2611 857 2693 opinor
876 2611 940 2679 alii.
984 2612 1059 2690 Quis
1082 2613 1167 2678 enim
1186 2612 1266 2678 vidit
1287 2635 1427 2698 unquam
1441 2611 1542 2676 λίθον

416 2714 509 2780 iuxta
529 2715 658 2781 metalla
679 2715 755 2798 poni
769 2715 852 2781 male
874 2716 1040 2781 sonantia?
1067 2715 1158 2794 Quod
1177 2737 1240 2781 non
1262 2737 1301 2782 eo
1321 2719 1426 2798 potest
1447 2735 1537 2780 excu-

414 2821 487 2898 sari,
521 2820 605 2904 quod
624 2821 686 2898 VI,
715 2827 733 2887 5
764 2821 908 2903 p.691b
938 2819 1055 2887 dixerit
1084 2819 1184 2886 λίθον
1213 2824 1463 2909 κατεψυγμένης
1486 2819 1541 2884 καὶ

422 2919 652 3005 πεπιλημένης
677 2913 745 2984 ὑπὸ
773 2915 894 3008 κρύους
922 2923 979 3008 γῆς
1002 2917 1109 3008 πάγος
1132 2913 1227 2987 εἶναι.
1272 2921 1373 3006 Super
1394 2929 1486 2990 erant
1505 2923 1538 2988 in

414 3024 586 3110 archetypo
605 3031 728 3091 tantum
748 3024 874 3092 litterae
899 3028 1017 3090 KAI.
1043 3073 1050 3088 .
1074 3027 1260 3104 ΛΙΒΔΟΟ,
1284 3027 1368 3094 unde
1388 3027 1537 3093 librarius

415 3122 497 3187 nihil
509 3125 650 3209 cogitans
663 3124 740 3190 fecit
753 3122 808 3188 καὶ
826 3123 937 3201 λίθος.
975 3123 1092 3208 Ecquis
1109 3130 1157 3190 est
1174 3125 1228 3210 qui
1243 3148 1307 3191 non
1321 3127 1431 3191 statim
1444 3126 1536 3192 intel-

416 3229 503 3316 legat
523 3251 543 3294 a
559 3229 730 3294 Plutarcho
748 3249 816 3294 esse
833 3226 955 3316 χρυσὸς
969 3227 1030 3310 μὲν
1046 3226 1101 3294 καί
1125 3224 1357 3312 pransuros?
1378 3229 1538 3307 Quaenam

361 3342 373 3355 ⁴
416 3340 522 3401 autem
544 3355 619 3400 vasa
640 3332 791 3417 plumbea
813 3352 906 3397 sonos
927 3331 978 3398 vel
999 3353 1064 3396 ncn
1085 3330 1169 3398 clare
1188 3331 1377 3414 accipientia
1405 3331 1454 3397 vel
1474 3351 1539 3396 non

409 3438 521 3504 ‘claros
549 3437 678 3504 edentia
711 3436 844 3521 cogitet,
874 3435 1013 3518 perspici
1035 3435 1125 3514 licet,
1155 3435 1253 3519 siquis
1281 3433 1315 3499 id
1341 3434 1423 3520 agit,
1451 3435 1538 3502 sele

415 3544 518 3609 Plinio
533 3543 564 3610 h.
576 3564 608 3609 n.
627 3540 712 3618 XIV,
725 3545 775 3618 21,
793 3544 853 3606 136
871 3538 921 3605 vel
943 3539 1074 3620 eGecp.
1090 3538 1130 3616 II,
1148 3543 1175 3616 6,
1190 3545 1238 3604 42.
1269 3537 1336 3604 Nec
1352 3537 1539 3605 incredibile

414 3655 464 3716 est
489 3647 650 3713 Plutarchi
678 3645 784 3712 animo
814 3643 996 3710 obversatus
1031 3663 1097 3708 esse
1128 3641 1311 3732 κεραμίδος
1339 3639 1541 3726 μολυβδίνος

415 3778 440 3823 s.
451 3753 575 3839 tegulas
594 3750 767 3834 plumbeae,
787 3749 903 3833 quibus
926 3747 1158 3830 opulentiorum
1172 3747 1266 3814 aedes
1285 3747 1541 3832 contegebantur,

414 3852 996 3936 utnotuvitAthen.XIVp.621a.
1327 3883 1330 3889 ·

500 3967 538 4030 In
559 3965 664 4030 verbis
686 3961 867 4027 Senemoms
889 3959 934 4037 ll,
963 3964 990 4035 3,
1018 3962 1090 4039 3p
1117 3962 1248 4023 63Ιο
1231 3981 1277 4034 τος
1305 3953 1367 4044 γὰρ
1389 3951 1408 4042 ἡ
1429 3903 1539 4040 μητρα

417 4071 520 4162 πρὸς
539 4072 584 4135 τὸ
608 4063 704 4156 οἷον,
736 4061 822 4131 οὕτω
845 4058 949 4130 πάλιν
976 4087 1014 4128 το
1037 4089 1063 4149 r
1065 4087 1102 4126 ον
1133 4065 1217 4150 πρὸς
1226 4060 1295 4127 τὸν
1317 4059 1454 4126 νεοσσὸν
1477 4056 1538 4124 πί-

415 4197 514 4262 φυκε,
538 4168 698 4254 κυόμενον
719 4167 753 4235 ἐν
776 4160 864 4251 αὐτῷ
887 4190 943 4230 κονι
936 4163 1198 4250 λοχευόμενον
1231 4165 1313 4229 iusto
1336 4162 1407 4245 plus
1429 4183 1538 4245 sapere

414 4275 556 4342 ridemus
578 4279 755 4353 auctorem,
778 4271 859 4336 nihil
879 4272 965 4337 enim
985 4272 1013 4336 is
1032 4269 1152 4336 sciebat
1180 4267 1220 4332 de
1246 4290 1303 4334 ovo
1323 4266 1462 4332 humano
1485 4287 1535 4352 ge

414 4380 522 4444 nitura
540 4373 715 4454 fecundato,
730 4396 831 4458 neque
852 4374 1014 4440 commode
1036 4373 1182 4455 opposita
1148 4371 1289 4439 tuidet
1275 4377 1327 4436 tur
1340 4371 1458 4435 matrix
1474 4389 1539 4446 cro,

414 4490 452 4551 nt
470 4505 563 4551 ovum
587 4481 689 4565 pullo,
716 4481 772 4566 qui
798 4481 833 4545 in
862 4501 920 4546 cvc
942 4481 1112 4560 conceptus
1141 4475 1182 4542 ad
1203 4480 1332 4559 partum
1351 4478 1538 4542 reservetur.

415 4590 477 4660 Sed
497 4587 575 4676 quid
589 4588 703 4673 plura?
723 4586 863 4654 Videsne
881 4587 986 4672 ipsam
1005 4583 1169 4668 scriptoris
1188 4603 1317 4651 manum
1333 4578 1540 4646 ΤΟΖΩΙΟΝ
