3534 5392
825 462 868 512 ..¹
913 465 974 528 ιω
1017 493 1061 509 .-

376 630 511 696 tionem:
529 628 674 716 „dofflge
686 627 873 697 Plutarchus
888 629 951 695 sic:
970 627 999 694 si
1014 627 1131 694 divinis
1150 622 1279 692 indiciis
1289 625 1378 712 (sunt
1394 627 1502 690 antem

250 742 260 763 ⁸
377 736 498 816 dirim,
521 755 726 821 quaecunque
748 757 768 802 a
789 741 906 804 natura
920 736 999 818 ipsa
1017 734 1086 800 aine
1105 732 1265 799 industria
1284 735 1319 798 et
1338 729 1500 805 voluntate

378 840 542 908 hominnm
572 841 733 919 eveniunt,
764 845 795 908 et
823 863 840 907 e
867 841 983 924 quibus
1012 838 1166 905 divinatio
1187 837 1377 903 documenta
1396 835 1504 921 capit),

285 939 287 946 ¹
379 947 430 1013 his
451 947 479 1012 si
500 946 596 1013 fidem
616 946 810 1032 derogamus,
832 966 898 1012 una
922 945 1135 1011 humanorum
1152 964 1278 1028 quoque
1299 941 1397 1006 iidem
1410 940 1501 1006 tolli·

249 1033 274 1052 ”
374 1067 449 1112 mus
470 1045 667 1111 indiciorum.
711 1045 771 1111 His
792 1050 899 1112 autem
920 1045 947 1110 si
967 1066 1031 1111 non
1052 1044 1129 1109 lioet
1149 1042 1245 1109 fidem
1267 1042 1431 1127 derogare,
1450 1061 1500 1106 re·

378 1149 550 1235 linquenda
573 1149 670 1216 etiam
689 1146 806 1214 divinis
827 1153 902 1217 ost.“
951 1148 990 1213 In
1017 1169 1080 1232 quo
1102 1147 1184 1212 nihil
1205 1147 1308 1212 habeo
1329 1145 1415 1231 quod
1434 1146 1504 1211 uiro

379 1253 505 1338 egregio
521 1252 671 1338 refrager.
704 1251 766 1318 Sed
780 1254 879 1318 instat
899 1269 994 1334 porro
1013 1251 1078 1318 alia
1092 1251 1235 1336 quaestio
1257 1251 1357 1341 multo
1370 1249 1505 1335 gravior,

378 1359 508 1444 quinam
528 1356 658 1424 tandem
678 1357 742 1424 sint
771 1356 930 1423 diseorum
950 1356 1005 1421 isti
1027 1356 1163 1434 sonitus,
1192 1354 1303 1422 dextre
1324 1353 1462 1439 neglecti
1482 1374 1505 1419 a

381 1463 520 1542 Reiski0,
541 1484 559 1528 e
579 1461 695 1546 quibus
716 1461 806 1526 iuxta
827 1481 899 1526 curn
920 1458 1035 1524 divinis
1056 1457 1183 1525 indiciis
1204 1461 1327 1523 certum
1346 1453 1506 1539 quoddam

380 1569 428 1636 rei
450 1567 673 1634 documentum
697 1566 770 1648 oapi
794 1584 885 1647 posse
907 1564 1024 1629 dixisse
1043 1567 1190 1629 censetur
1210 1560 1419 1628 Plutarchus?
1446 1558 1503 1624 At·

378 1693 439 1758 que
458 1671 538 1737 illud
551 1669 679 1756 quidem
700 1669 819 1753 ambigi
834 1689 899 1734 non
918 1667 1077 1733 immerito
1097 1672 1238 1749 poterat,
1258 1672 1387 1732 rectane
1402 1665 1504 1730 disco·

377 1791 450 1836 rum
470 1771 592 1836 sonitus
613 1769 746 1854 cogitari
767 1773 898 1851 possent
918 1773 981 1832 orte
1001 1771 1128 1832 macca
1150 1765 1263 1835 effecti
1305 1766 1377 1833 Non
1396 1767 1506 1848 inepte

378 1869 464 1936 enim
489 1870 575 1936 haud
597 1867 693 1935 dubie
715 1867 834 1935 dixeris
861 1867 946 1935 iaces
974 1889 1046 1933 cum
1073 1867 1177 1934 taedis
1197 1867 1383 1935 ardentibus
1402 1867 1503 1934 homi·

380 1989 458 2034 num
470 1968 615 2036 manibus
630 1972 819 2050 conparatas
833 1968 1052 2052 sublatosque,
1071 1967 1169 2034 veluti
1182 1970 1286 2034 nuntii
1305 1968 1507 2054 longinquius

378 2069 548 2137 celerimvo
569 2068 767 2154 propagandi
797 2089 910 2150 causa,
937 2069 1110 2153 eodemque
1138 2070 1208 2136 iure
1238 2071 1356 2137 dixeris
1376 2091 1504 2156 gnomo

378 2198 452 2244 nom
478 2178 617 2244 hominis
646 2177 782 2244 artifieio
808 2178 855 2242 ita
883 2178 1019 2255 institui,
1050 2182 1087 2242 ut
1115 2179 1229 2245 umbra
1256 2179 1400 2246 umbilici
1424 2185 1504 2246 tem·

378 2281 465 2364 poris
494 2279 694 2366 significandi
729 2301 824 2346 causa
855 2287 975 2346 certam
996 2286 1030 2346 et
1050 2279 1214 2347 definitam
1235 2304 1416 2350 mensuram
1435 2281 1503 2348 effi-

378 2387 456 2468 ciat,
477 2408 589 2452 uerum
609 2386 717 2470 ecquis
738 2405 879 2470 unquam
898 2386 1027 2452 rescivit
1048 2387 1187 2453 sonitum
1208 2386 1304 2466 disci,
1323 2388 1414 2472 quasi
1436 2408 1504 2454 mu-

383 2492 483 2558 sicum
517 2496 600 2558 essct
632 2492 893 2570 instrumentum,
932 2490 1102 2557 cuiuslibet
1128 2491 1177 2556 rei
1205 2492 1430 2578 monstrandae
1455 2492 1507 2558 vel
1614 2547 1626 2575 ,

379 2597 567 2664 indicandae
599 2597 704 2682 gratia
725 2594 896 2664 artificiose
916 2596 1070 2663 excitari?
1112 2596 1244 2662 Accedit
1270 2598 1332 2663 hoc
1360 2595 1504 2682 gravissi·

378 2721 479 2777 mum,
502 2698 587 2783 quod
608 2719 737 2781 prorsus
757 2699 922 2784 ignoratur
951 2697 1104 2782 quidnam
1126 2699 1255 2765 omnino
1275 2698 1434 2764 diacorum
1454 2719 1502 2764 so

380 2803 451 2867 nitu
471 2801 685 2886 significatum
703 2801 809 2868 suerit.
852 2803 891 2867 In
913 2803 1081 2885 propatulo
1103 2808 1151 2868 est
1173 2803 1274 2882 enim,
1302 2803 1426 2870 discum
1442 2822 1506 2870 non

377 2907 473 2972 aliter
492 2927 584 2989 posse
605 2907 743 2972 sonitum
764 2907 874 2985 edere,
903 2909 966 2972 nisi
994 2907 1120 2992 quando
1147 2930 1219 2974 cum
1247 2909 1279 2974 vi
1298 2910 1431 2976 emissus
1451 2931 1501 2974 cc·

278 3003 280 3008 ’
377 3011 481 3078 dentis
502 3011 585 3076 airis
607 3011 777 3077 stridorem
797 3011 957 3094 quendam
977 3017 1073 3095 atque
1095 3013 1252 3094 crepitum
1272 3013 1400 3080 efficiat.
1421 3013 1502 3080 Nam

380 3134 475 3197 quem
496 3111 624 3178 mirifici
645 3112 740 3178 huius
762 3111 922 3179 diacorum
943 3113 1013 3178 soni
1035 3113 1216 3196 explicandi
1234 3136 1332 3182 carna
1342 3116 1506 3201 Xylandro

382 3237 510 3283 suasore
538 3216 687 3282 adierunt
710 3217 819 3282 locum
848 3239 890 3284 ex
911 3216 976 3282 Cio.
996 3217 1037 3284 de
1066 3223 1144 3286 orat.
1167 3217 1273 3298 11,e,
1294 3226 1348 3286 21:
1386 3243 1454 3285 acm
1478 3227 1507 3286 at

379 3331 504 3394 raculae
523 3332 627 3392 meua
647 3333 712 3392 onte
730 3332 884 3411 pyrenaea
905 3333 1016 3393 invento
1033 3335 1104 3396 aava
1123 3351 1208 3413 mm
1230 3337 1264 3394 in
1283 3335 1324 3395 iia
1339 3335 1512 3416 pbilorophi

375 3439 495 3518 prurire
516 3439 684 3516 coeperam
704 3438 732 3497 et
753 3437 805 3498 hoo
826 3439 891 3516 apso
910 3441 1036 3517 tempore
1056 3454 1124 3498 oum
1152 3440 1248 3501 music
1265 3441 1422 3520 Μινυεία
1435 3442 1506 3521 phi

376 3539 488 3618 laaopai
507 3541 634 3612 temet,
655 3541 750 3599 tomen
772 3556 870 3599 eorum
892 3539 1038 3601 auditores
1060 3538 1211 3601 diacum
1240 3541 1379 3603 audire
1400 3541 1507 3624 {quam

370 3640 628 3726 pbilmopbum*)]
646 3643 766 3718 molum,
788 3645 842 3724 qai
852 3645 946 3705 cimel
955 3648 991 3705 ut
1002 3646 1166 3726 maepait,
1182 3648 1214 3707 in
1228 3645 1324 3708 medic
1336 3649 1461 3710 aaran
1473 3647 1509 3709 de
1551 3695 1560 3712 .

376 3750 519 3812 malmin
535 3748 622 3810 robur
635 3750 663 3809 et
675 3749 861 3828 prcor'rsimis
876 3747 1391 3830 armannumpaiaepaamonm
1401 3752 1508 3813 undae

375 3855 423 3914 nir
439 3869 525 3914 cocao
539 3852 715 3932 relinquunt,
733 3848 762 3914 is
777 3849 841 3914 diei
854 3868 919 3914 non
930 3853 1037 3931 potest
1049 3871 1145 3934 quam
1159 3844 1329 3918 infeliciter
1341 3852 1506 3938 adlegatos

380 3951 431 4016 sit
453 3948 597 4031 Adparet
611 3949 697 4014 enim
710 3948 792 4012 nihil
806 3947 895 4014 aliud
909 3949 1087 4031 perspicuis
1100 3949 1151 4014 his
1163 3949 1324 4016 (iceroms
1334 3952 1440 4018 verbia
1452 3951 1506 4018 ds·

376 4054 499 4132 clarari,
513 4074 607 4136 quam
620 4051 796 4134 permultos
804 4074 881 4131 esse,
892 4052 947 4136 qui
963 4053 1129 4136 gymnasia
1137 4073 1233 4136 quem
1245 4052 1507 4137 philosophorum

377 4151 500 4219 scholae
515 4151 717 4236 frequentare
731 4154 921 4233 praeoptent
930 4155 1027 4235 atque
1037 4154 1214 4216 lauba'mom
1224 4155 1435 4218 &tardiorem
1441 4175 1509 4238 pro

444 4413 467 4478 'l
489 4409 562 4464 Haec
589 4411 694 4476 quidem
721 4411 773 4464 duo
801 4411 947 4464 rectissime
970 4429 1030 4465 mea
1055 4417 1199 4482 sententia,
1224 4416 1322 4483 quippe
1339 4431 1448 4483 prorsus
1465 4414 1505 4466 in·

376 4499 462 4564 utiba,
488 4495 613 4564 monimn
637 4497 778 4565 praecedat
800 4513 882 4549 eoram
902 4497 1046 4562 01⁴de,
1072 4495 1235 4552 extrudenda
1259 4499 1431 4555 arbitrabatur
1453 4501 1506 4554 lot·

378 4587 450 4641 Boia
467 4587 630 4654 rupanimus
649 4585 747 4640 honum
763 4585 891 4646 librorum
906 4587 1000 4640 editor.
