3534 5392
826 442 1042 506 ...20...

365 609 490 677 ridetur
505 630 580 675 sane
594 606 784 674 Plutarchus
798 606 834 672 in
849 607 910 673 hac
921 608 1033 691 phrasi
1046 628 1204 693 nusquam
1218 606 1352 675 verbum
1367 599 1503 693 ἀνάγειν

367 704 547 791 admisisse,
578 732 771 796 quamquem
800 707 879 777 alios
908 709 1006 776 veluti
1035 708 1233 801 Herodotum
1261 706 1500 776 concedendum

366 821 415 883 est
430 817 519 883 nullo
531 815 712 883 intellectus
730 816 914 881 discrimine
928 814 1132 900 frequentare
1146 815 1291 881 alterum.
1325 812 1389 881 Sed
1403 813 1501 916 buius

369 923 468 990 etiam
489 922 537 989 rei
558 942 717 988 summum
738 921 851 1004 opinor
877 921 1046 989 arbitrium
1071 926 1138 989 esto
1164 941 1263 1005 penes
1283 925 1423 987 veterem
1444 940 1495 985 co·

366 1024 470 1093 dicem
477 1025 666 1105 Palatinum,
682 1030 718 1089 ut
730 1047 755 1090 ο.
771 1032 811 1093 50
828 1031 901 1108 post
913 1048 952 1093 ea
966 1047 1048 1110 quac
1061 1023 1444 1092 adnotaveruntSintenis
1455 1023 1499 1089 ad

364 1126 514 1193 Themist.
530 1146 560 1209 p.
575 1126 618 1193 LI
633 1125 690 1192 alii
703 1124 795 1205 abas,
817 1146 909 1191 nemo
930 1127 1050 1208 pulerit
1068 1125 1245 1211 ambigere,
1266 1126 1345 1209 quin
1359 1124 1499 1210 genuina

365 1230 483 1299 codicis
503 1230 599 1297 leobio
618 1231 661 1297 sii
680 1228 800 1317 σκηνήν
815 1254 852 1295 τε
877 1228 1039 1318 πηγνύναι
1052 1230 1229 1318 βασιλικήν
1250 1229 1418 1297 ἐκέλευε
1436 1250 1497 1315 pro

367 1335 447 1421 vulg.
466 1332 627 1413 ἐκέλευσε,
651 1334 791 1418 itemque
812 1333 847 1399 in
868 1334 935 1399 vita
956 1334 1073 1399 Antoni
1095 1354 1121 1399 c.
1136 1340 1177 1401 77
1194 1356 1233 1399 ex
1257 1332 1369 1399 eodem
1389 1331 1498 1399 codice

363 1440 398 1505 in
419 1438 524 1505 verbis
548 1434 736 1527 προθύμως
759 1435 928 1501 ἐκέλευσεν
951 1436 1047 1503 scribi
1069 1435 1178 1501 malim
1201 1434 1331 1501 ἐκέλευε
1339 1436 1379 1520 *).

452 1540 565 1608 &tera
585 1540 758 1606 levioribus
779 1538 970 1623 quibusdam
987 1540 1110 1606 omissis
1129 1560 1188 1623 per
1199 1544 1340 1605 sennam
1358 1560 1491 1606 comme·

364 1665 488 1711 murare
509 1643 614 1722 lubct3
651 1663 843 1727 quamquam
872 1643 1060 1709 tenuissima
1088 1664 1232 1727 quaeque
1258 1642 1294 1707 in
1323 1642 1383 1709 hoo
1412 1642 1496 1710 libro

364 1748 525 1834 quantivis
552 1747 649 1829 pretii
678 1767 893 1813 summanum
921 1767 998 1811 cura
1017 1745 1236 1830 persequenda
1265 1767 1346 1825 esse,
1376 1749 1413 1810 ut
1439 1746 1495 1811 alii

367 1853 547 1921 examinare
569 1856 706 1934 possent
726 1872 835 1917 omncs
851 1849 969 1917 codicis
984 1851 1157 1935 scripturas
1172 1849 1226 1915 hic
1240 1849 1421 1916 adscribere
1439 1848 1492 1915 de·

364 1960 512 2041 bueram3
534 1958 590 2025 sed
607 1958 659 2025 his
681 1963 824 2040 exparte
841 1957 975 2040 posthac
988 1979 1103 2024 murus
1118 1976 1196 2025 sum.
1241 1955 1314 2040 Cap.
1331 1956 1495 2040 bpraebet
1567 2042 1575 2049 Ι

433 2126 459 2193 *l
478 2128 507 2179 ln
525 2129 620 2180 eadem
636 2130 732 2180 Antoni
751 2130 802 2181 vita
821 2146 843 2183 o.
862 2132 917 2197 up.
928 2132 1003 2183 9202
1021 2132 1046 2182 iu
1063 2131 1152 2184 verbis
1170 2124 1226 2183 εἶτα
1243 2130 1322 2201 πρωλ·
1334 2131 1384 2181 τοῦ
1401 2126 1492 2199 δήμου

363 2218 512 2273 καλοῦντος
531 2218 568 2273 eir
586 2212 695 2285 αγορὰν
713 2213 862 2287 προελθών
882 2233 915 2267 ex
933 2217 1013 2269 Putat.
1032 2221 1135 2284 ccrngc
1152 2212 1359 2289 παρελθών,ι
1377 2218 1493 2285 itemque

363 2302 435 2368 quod
453 2318 468 2354 a
486 2300 587 2354 Sintcui
608 2317 664 2369 cap.
682 2304 716 2354 42
736 2320 767 2354 ex
785 2304 1034 2373 Pseudo-Appiano
1056 2314 1189 2374 receptum
1208 2313 1248 2360 est
1268 2302 1493 2382 προσβάλλοντας

280 2384 282 2391 ’
361 2401 409 2453 prc
428 2387 525 2439 acristc
545 2386 787 2454 distinctelegitur
804 2390 831 2441 iu
847 2389 944 2455 Palat.;
969 2393 1040 2457 quod
1063 2407 1115 2459 epu
1134 2392 1197 2445 olim
1215 2394 1241 2444 iu
1261 2407 1317 2460 cap.
1336 2394 1370 2444 45
1388 2408 1421 2445 ex
1439 2409 1491 2445 unu

363 2477 478 2530 alterove
495 2476 562 2530 libro
584 2476 701 2531 Parisino
720 2482 815 2546 scripsi
833 2477 1074 2541 ἀπολισθάνοντας
1098 2484 1278 2537 subministrat
1302 2486 1380 2537 etiam
1398 2484 1491 2536 Palati-

362 2583 427 2631 uus,
446 2572 475 2619 ut
485 2564 602 2633 paullum
612 2568 695 2633 absit,
714 2568 775 2633 quin
794 2582 862 2620 nunc
876 2570 970 2621 luciam
986 2584 1046 2621 curn
1058 2567 1174 2635 Cobetc,
1194 2571 1239 2636 qui
1251 2569 1356 2623 alteram
1369 2568 1490 2635 formam,

259 2700 262 2705 .
362 2659 453 2720 utpote
476 2652 540 2705 nulli
557 2660 675 2706 veterum
695 2656 841 2722 cognitum,
863 2657 941 2723 plane
965 2659 1146 2724 proscripserit
1169 2656 1233 2723 (vt.
1252 2674 1278 2725 p.
1297 2659 1330 2709 25
1348 2664 1374 2710 et
1392 2660 1492 2725 passim

362 2736 475 2789 Diodori
501 2739 534 2790 ud
557 2738 664 2792 Lucian.
686 2738 707 2791 ll
726 2743 787 2807 p.6
813 2741 930 2795 Hercber
954 2743 986 2794 ad
1014 2742 1181 2796 Achillei.
1203 2758 1229 2810 p.
1249 2745 1292 2808 51,
1313 2743 1368 2810 23).
1403 2743 1492 2795 linim-

361 2825 425 2877 verc‘
443 2827 465 2876 si
484 2826 544 2890 quis
562 2826 756 2878 multitudinem
774 2827 894 2880 locurum
913 2831 1118 2896 contrariorum,
1136 2830 1231 2884 laeuus
1245 2832 1366 2884 nimirum
1383 2833 1411 2884 in
1428 2832 1492 2885 seri·

361 2914 413 2979 ptis
430 2913 574 2968 moralibus
592 2913 774 2980 pullulantium
795 2930 873 2982 quam
892 2918 918 2969 in
937 2920 997 2971 vitis
1015 2917 1071 2987 (cir.
1085 2920 1190 2983 Quaest.
1209 2920 1275 2975 Plut
1296 2920 1317 2973 ll
1335 2937 1362 2989 p.
1376 2920 1415 2987 4),
1433 2937 1493 2989 peu·

360 2995 498 3060 timescat,
519 2996 542 3047 is
561 2998 732 3051 verecuur'ari
752 3000 868 3065 desinet,
890 3004 912 3053 si
932 3004 1078 3054 meminerit
1095 3004 1224 3057 Plutarchi
1244 3007 1365 3058 codicem
1387 3009 1430 3074 qui
1445 3024 1492 3062 ve-

361 3077 456 3128 tustior
468 3083 539 3129 esset
552 3078 658 3131 saeculo
672 3080 777 3134 decimo
786 3083 828 3135 vel
842 3086 1093 3140 undecimo-narn
1107 3089 1211 3143 (laced.
1221 3090 1491 3159 Floreutplut.LXlX

362 3168 420 3220 rud.
442 3168 472 3218 13
496 3169 682 3237 palimpsesto,
708 3187 787 3239 quem
810 3176 895 3229 obiter
912 3179 1024 3244 inspexit
1042 3178 1158 3233 Cobelus
1177 3183 1234 3245 (eir.
1256 3182 1338 3237 Praei.
1360 3185 1395 3236 ad
1413 3185 1490 3251 Diug.

360 3252 445 3307 Laert.
458 3269 483 3319 p.
495 3254 528 3315 ill
540 3262 566 3307 et
580 3258 603 3309 si
616 3259 679 3309 satis
692 3262 801 3312 memini
813 3264 961 3328 nuperrime
973 3267 1050 3317 etiam
1066 3265 1226 3333 Heroberus,
1244 3284 1337 3335 parum
1349 3270 1431 3335 liquet
1445 3296 1489 3337 -,

360 3343 447 3397 adhuc
465 3346 601 3399 inventum
619 3364 680 3400 esse
696 3350 812 3416 nullum,
836 3360 863 3404 ut
882 3354 994 3419 plurima
1011 3355 1103 3408 barum
1124 3356 1299 3425 stribliginum
1317 3360 1429 3413 librariis
1445 3361 1488 3412 tri·

358 3434 465 3487 buenda
483 3434 627 3498 videantur,
647 3438 708 3502 qui,
734 3440 761 3489 in
780 3440 905 3493 sordibus
924 3441 1018 3494 effetae
1037 3445 1185 3512 graecitatis
1202 3444 1324 3511 volutati,
1352 3461 1413 3499 curn
1432 3448 1489 3499 aliia

358 3519 428 3571 viliis
449 3521 527 3570 etism
552 3519 603 3571 bos
623 3536 724 3575 errores
748 3525 775 3575 in
797 3525 928 3578 Plutarchi
946 3527 1030 3582 libros
1053 3532 1245 3586 transfoderint.
1289 3534 1401 3589 Prorsus
1420 3551 1488 3589 uuus

359 3609 459 3661 suntin
474 3623 530 3675 cap.
544 3610 561 3660 4
573 3606 636 3671 τοὺς
649 3609 806 3668 Ἀνιιονίο
816 3635 832 3666 o
850 3614 897 3668 ἀπ’
913 3611 1059 3687 Ἄννωνος,
1078 3625 1125 3675 ab
1140 3622 1297 3691 διαβαίνει
1314 3640 1361 3691 pro
1375 3626 1487 3695 διαβαί-

359 3711 430 3755 νειν,·
448 3697 495 3746 ολ
516 3691 739 3765 ὠςσθεν(ιίολι
753 3702 843 3772 ἔργιλ
861 3720 909 3771 pro
924 3701 1088 3779 ώςένιργῷ,
1108 3723 1131 3763 c.
1142 3710 1173 3761 21
1187 3708 1388 3785 ιῴΒρούιιρΙ
1400 3716 1488 3787 νεκρῷ

356 3796 417 3833 cum
435 3798 489 3833 uno
508 3782 623 3837 alterove
643 3787 670 3838 ni
688 3787 765 3840 fallor
782 3790 915 3857 Parisino,
943 3808 966 3847 c.
984 3794 1017 3844 29
1035 3799 1267 3864 Κανοπίιαις,
1294 3814 1347 3852 non
1366 3806 1394 3854 ut
1414 3808 1487 3854 nota·

356 3870 412 3918 lum
434 3872 475 3917 est
491 3871 679 3937 Κανωπίιαις,
703 3886 725 3925 c.
739 3872 772 3923 33
791 3882 904 3927 exeunte
921 3880 968 3930 καὶ
986 3878 1189 3951 διαλαμβάνων
1207 3879 1252 3935 σοι’
1257 3903 1270 3944 ς
1286 3890 1485 3940 νεανίσκων

357 3950 534 4025 ἐτραχήλιζεν,
558 3972 580 4011 c.
601 3958 633 4011 37
653 3962 686 4012 de
706 3956 739 4015 ὃν
756 3971 817 4029 post
834 3962 883 4019 τὸν
899 3965 1035 4024 Ἰουδαῖον
1053 3971 1117 4025 nibil
1136 3980 1275 4039 conparet,
1295 3990 1319 4028 c.
1338 3977 1370 4027 41
1393 3973 1485 4038 τοξεύ-

355 4054 444 4107 μασιν
464 4040 498 4092 οἳ
521 4037 572 4108 δή,
599 4057 622 4097 c.
641 4046 674 4097 48
692 4062 739 4112 pro
759 4044 860 4119 ἅμαιΥ
884 4048 1062 4124 ιῖπήγγελλον
1082 4056 1179 4123 legitur
1204 4054 1390 4129 ἐπήγγελλον,
1410 4078 1433 4117 ο.
1452 4063 1485 4115 66

355 4141 402 4192 pro
421 4134 566 4201 προείρητο
586 4136 710 4203 πέμπειν
727 4145 840 4203 praestat
866 4139 1043 4217 προήρειο
1065 4165 1111 4214 π.;
1139 4162 1161 4201 c.
1181 4150 1212 4202 61
1238 4150 1273 4201 ad
1290 4152 1372 4205 verba
1392 4155 1486 4213 ἱππεῖς

355 4216 386 4269 ull
410 4214 598 4288 παραπλήσιοι
622 4219 653 4277 rb
679 4216 890 4292 πλήθοςόλλοιο
915 4246 1008 4285 manus
1040 4235 1151 4299 margini
1181 4237 1320 4305 adscripsit
1346 4236 1483 4314 γράφεται

354 4296 415 4353 τὸν
434 4296 602 4372 ἀριθμόν,
622 4305 647 4357 in
666 4308 762 4359 ecdem
777 4312 861 4377 capite
879 4328 970 4381 margo
988 4314 1069 4369 babet
1086 4313 1258 4380 σαλούλας
1275 4338 1328 4373 uon
1347 4319 1482 4389 ιαλοήλας,

354 4404 377 4443 c.
397 4394 430 4444 66
448 4392 518 4447 med.
538 4396 632 4449 omittit
649 4401 706 4451 καὶ
724 4407 785 4467 post
804 4398 932 4476 ripoinum
950 4421 973 4460 c.
987 4408 1020 4457 70
1038 4407 1102 4472 legit
1120 4410 1178 4475 τῆς
1193 4412 1263 4466 τῶν
1279 4414 1384 4467 Χοῶν
1399 4413 1482 4487 ἐορ-

352 4480 411 4546 τῆς
428 4473 546 4549 οὔσης,
565 4500 628 4537 vere
645 4502 678 4539 an
695 4503 831 4556 perperam
852 4508 922 4546 nunc
942 4510 995 4546 uon
1016 4494 1174 4562 disquiram
1191 4512 1215 4553 c.
1228 4500 1261 4553 82
1279 4500 1403 4555 articulus
1421 4508 1482 4557 aute

348 4564 491 4636 Ὄλυμπος
508 4571 571 4623 item
589 4573 665 4629 deest
681 4577 709 4629 iu
729 4577 847 4633 Palatino
865 4586 918 4633 etc.
1292 4574 1296 4581 ’
1327 4604 1329 4608 ·
