3534 5392
816 446 966 518 —·.·1ba
1011 487 1048 498 ..

446 613 709 682 Emendationom
727 614 815 682 loeus
836 615 940 699 poscit
968 615 1217 700 haudquaquam
1246 614 1428 691 difflarilem
1448 611 1491 680 ab

359 716 438 800 ipsis
452 716 613 782 codicibus
628 722 915 799 praemonstratam
929 717 984 784 lib.
993 717 1031 797 V,
1048 724 1110 800 ap.
1123 718 1216 786 ortb
1235 718 1293 784 καί
1308 718 1406 784 τοῦτο
1421 715 1492 798 μὲν,

363 818 457 910 ἔφην,
481 819 519 887 τὸ
543 815 742 908 ἀνάγνωσμα
764 822 954 909 (Acesandri
974 843 1055 906 opus
1076 822 1156 911 περί
1176 817 1331 909 Λιβύης)
1346 822 1410 886 τῶν
1433 812 1494 884 οὐκ

281 1001 284 1008 ,
367 923 401 992 ἐν
422 923 515 1012 μέσην
538 921 610 991 ἐστί
631 924 699 1010 (eir.
715 945 744 1008 p.
761 929 824 1011 84),
848 928 919 1004 τοῖς
941 926 978 993 δὲ
999 927 1205 1011 Πολέμωνος
1228 928 1290 992 τοῦ
1306 920 1494 1010 Ἀθηναίου

255 1033 257 1040 ’
365 1025 445 1117 περὶ
471 1029 536 1093 τῶν
565 1025 600 1093 ἒν
626 1029 777 1116 Δελφοῖς
805 1032 988 1118 θησαυρῶν
1019 1021 1116 1113 οἶμαι
1143 1026 1197 1096 ὅτι
1226 1029 1368 1107 πολλοῖς
1397 1021 1488 1112 ὑμῶν

364 1131 567 1220 ἐντυγχάνειν
598 1133 755 1218 ἐπιμελές
791 1134 876 1216 ἐστι,
911 1135 969 1201 καί
1002 1135 1065 1226 χρη
1103 1137 1326 1218 πολυμαθοῦς
1360 1131 1417 1200 καί
1447 1129 1488 1200 σά

366 1233 582 1317 νυστάζοντος
616 1237 662 1304 ἐν’
682 1244 753 1316 τοῖς
790 1232 993 1326 Ἑλληνικοῖς
1026 1237 1219 1327 πράγμασιν
1251 1233 1387 1328 άνάρός·
1423 1237 1494 1306 ἐκεῖ

366 1337 481 1414 τοίνυν
496 1336 651 1430 εὑρήσετε
671 1343 912 1431 γεγραμμένον,
939 1337 985 1422 τίς
1007 1342 1041 1410 ἐν
1064 1347 1112 1431 τῷ
1130 1343 1302 1430 Σικυωνίῳ
1327 1341 1493 1431 θησαυρῷ

365 1449 506 1535 χρυσοῦν
528 1441 677 1512 deducam
701 1442 833 1530 βιβλίον
849 1441 1091 1534 Ἀριστομάχης
1107 1441 1270 1533 ἀνάθημα
1291 1447 1363 1533 τῆς
1382 1439 1491 1530 Ἔρυ-

368 1546 526 1635 apolog
548 1545 682 1612 ἐπικιο
704 1599 711 1613 .
735 1598 742 1612 .
768 1544 1059 1634 ποιηματίαις
1082 1549 1168 1634 (sici)
1191 1541 1332 1631 ’Ἰσθμια
1358 1570 1488 1632 νενικη-

368 1649 471 1728 κυίας.
502 1651 623 1716 Horum
643 1657 835 1734 postremam
851 1658 977 1734 partem
992 1675 1057 1718 non
1074 1659 1161 1720 reote
1177 1676 1197 1720 a
1211 1653 1347 1736 nuperis·
1359 1650 1489 1718 editori-

368 1757 460 1841 σιτί’)
481 1761 653 1822 tractatam
672 1778 756 1835 esse,
777 1757 913 1840 quilibet
933 1759 1047 1840 opinor
1066 1758 1300 1827 animadvortit.
1342 1757 1496 1842 Negleeta

367 1859 452 1924 enim
473 1858 617 1925 codicum
638 1861 792 1926 memoria
819 1859 854 1926 in
879 1861 942 1928 hoo
969 1868 1095 1928 tantum
1123 1862 1384 1946 discrepantium,
1407 1859 1494 1945 quod

367 1965 402 2028 in
425 1963 526 2030 Vatio.
554 1951 594 2031 ⁵et
622 1965 719 2031 Paris.
750 1971 798 2034 est
831 1965 1051 2052 ποιημάταις,
1084 1969 1241 2036 incertum
1277 1991 1350 2036 eum
1378 1967 1494 2034 lacuna

368 2088 410 2130 an
434 2065 528 2148 plene
556 2067 723 2149 scriptum,
752 2067 786 2132 in
814 2067 914 2133 Pelet.
949 2066 1056 2155 ἐπικῷ
1086 2064 1310 2154 ποιημάταις,
1341 2070 1421 2135 haec
1449 2068 1497 2133 ita

369 2171 594 2256 suppleverunt
615 2165 775 2256 ἀνάθημα
797 2172 857 2256 τῆς
877 2163 1081 2260 Ἐρυθραίας
1104 2167 1339 2261 ποιητρίας
1353 2163 1494 2250 ’Ἰσθμια

371 2273 585 2360 νενικηκυίας,
608 2275 645 2342 in
666 2275 783 2358 quibus
803 2275 889 2359 quod
910 2275 1114 2342 adsciverunt
1132 2272 1316 2363 ποιητρίας
1331 2276 1385 2342 uix
1405 2275 1494 2342 dubi-

370 2377 502 2442 tandum
523 2382 578 2456 est,
600 2377 678 2462 quin
698 2400 737 2444 ex
759 2378 953 2446 comestione
974 2379 1160 2462 interpretis
1181 2380 1287 2446 nescio
1309 2380 1399 2446 ouius
1418 2399 1490 2461 pro·

371 2483 489 2550 fectum
519 2484 561 2548 sit
581 2503 696 2566 parum
717 2482 811 2550 felici
855 2481 969 2549 Cetera
1001 2482 1156 2549 editiones
1183 2499 1247 2548 non
1272 2483 1409 2561 habent,
1436 2504 1496 2548 neo

373 2588 499 2654 invenio
535 2589 591 2672 qui
629 2589 709 2666 haec
742 2589 836 2654 aliter
871 2611 910 2654 ex
943 2588 1089 2660 codicum
1126 2588 1269 2674 vestigiis
1303 2588 1496 2654 constituere

372 2691 515 2758 voluerit.
556 2689 693 2756 Videtur
721 2695 827 2758 eutem
855 2691 890 2756 ni
913 2691 1007 2757 fallor
1036 2691 1084 2756 ita
1109 2691 1216 2774 potius
1243 2690 1334 2756 loeus
1354 2689 1493 2756 redinte-

372 2790 511 2876 grandus
540 2812 608 2858 esse
628 2786 871 2880 Ἀριστομάχης
896 2786 1058 2878 άνάθημα
1081 2793 1141 2877 τῆς
1172 2785 1377 2880 Ἐρυθραίας
1402 2790 1495 2857 ἐπι-

339 2965 344 2970 ,
373 2896 462 2968 κοῖς
485 2889 768 2976 ποιηματίοις
789 2885 929 2977 ’Ἰσθμια
948 2889 1162 2979 νενικηκυίας.
1200 2893 1320 2972 Quodsi
1336 2895 1418 2960 forte
1433 2895 1499 2960 sint

371 2997 427 3082 qui
449 2993 643 3084 ποιητρίας,
677 2997 762 3081 quod
782 3003 924 3064 vetustae
951 2999 1108 3066 editiones
1129 2999 1297 3080 praebent,
1327 3023 1367 3066 ex
1387 3000 1496 3067 codice

372 3124 455 3168 nunc
482 3101 647 3184 deperdito
680 3108 860 3187 susceptum
891 3103 1076 3186 opinentur,
1112 3125 1171 3187 per
1198 3125 1250 3170 me
1278 3103 1360 3170 nibil
1389 3105 1497 3173 obstat

371 3208 537 3292 quominus
559 3206 696 3274 addatur
712 3203 1015 3296 post'Epvdpoe'a93
1033 3229 1227 3294 quamquam
1245 3214 1283 3274 ut
1303 3210 1496 3288 secludatur,

374 3337 439 3382 non
460 3311 693 3391 reformidabit,
715 3313 770 3398 qui
789 3313 824 3380 in
843 3315 905 3380 hoo
921 3333 1036 3399 genere
1057 3313 1360 3391 additamentorum,
1382 3315 1499 3398 quibus

359 3415 570 3480 ‘intellectum
592 3413 822 3497 expeditiorem
842 3414 947 3484 facere
969 3415 1166 3487 conabantur
1186 3414 1315 3498 pristini
1335 3415 1498 3484 Plutarchi

373 3522 577 3602 interpretes,
607 3519 759 3584 temerius
787 3523 823 3584 ut
851 3519 905 3585 vix
932 3519 1074 3602 potuerit
1093 3519 1208 3603 magis,
1237 3523 1403 3601 peceatum
1431 3539 1498 3586 esse

371 3621 563 3688 recordetur.
614 3620 895 3690 verumenimvero
929 3622 1006 3690 lieet
1040 3622 1082 3688 de
1112 3621 1336 3690 Aristomache
1371 3623 1497 3706 poetria

373 3723 455 3795 nihil
481 3744 610 3806 prorsus
639 3723 769 3789 aliunde
799 3723 987 3802 innotuerit,
1022 3745 1081 3790 nee
1110 3723 1192 3789 alius
1220 3723 1357 3807 scriptor
1385 3724 1499 3790 musici

372 3829 554 3896 certaminis
583 3849 655 3894 omn
683 3829 826 3894 Isthmiis
855 3828 1018 3895 coniuncti
1047 3833 1196 3912 suppetat
1222 3829 1425 3907 memoriam,
1461 3835 1499 3896 ut

373 3930 512 3998 breviter
548 3928 702 3996 indicavit
733 3929 891 3996 Prellerus
925 3928 944 3993 l.
978 3929 1019 4006 i,
1043 3928 1232 4014 refragante
1263 3929 1498 4014 aliquantulum

374 4037 408 4102 Ο.
418 4035 572 4102 Muellero
586 4035 622 4099 in
630 4035 837 4102 Doriensibus
854 4035 888 4100 ΙΙ
902 4055 934 4116 p.
946 4039 1016 4112 375,
1041 4041 1069 4112 1,
1087 4039 1203 4114 tamen,
1224 4055 1296 4100 oum
1308 4039 1400 4100 tanta
1412 4033 1497 4100 eodi-

373 4165 445 4208 oum
456 4141 519 4208 fide
530 4142 654 4208 munita
664 4142 707 4207 sit
718 4141 812 4208 huius
826 4141 874 4208 rei
889 4140 1011 4218 notitia,
1028 4161 1132 4224 neque
1145 4160 1165 4205 a
1180 4141 1248 4207 veri
1261 4141 1366 4224 specie
1382 4140 1495 4206 abbor-

372 4249 451 4322 reat,
472 4243 559 4309 baud
573 4245 680 4328 inepte
695 4243 867 4312 comeaeris
887 4262 970 4329 quae
987 4241 1134 4310 feruntur
1150 4243 1241 4327 epiea
1258 4242 1498 4310 Aristomachus

441 4449 467 4515 *l
494 4453 595 4515 Quibus
616 4451 829 4503 adnumerandus
847 4452 925 4502 etiam
943 4455 983 4501 est
999 4449 1033 4502 L.
1051 4449 1179 4499 Prellem
1198 4449 1225 4500 in
1248 4448 1389 4499 Polemonis
1410 4447 1498 4499 Perie-

370 4551 444 4604 {70300
461 4540 617 4606 Frdymmffi
642 4544 668 4590 El
692 4542 740 4604 qul
767 4553 800 4592 ea
824 4540 925 4606 repetiit
950 4537 977 4591 0.
996 4537 1136 4590 Kuelkm
1158 4539 1187 4591 in
1203 4539 1304 4604 Prepa.
1328 4538 1385 4592 λίνα,
1412 4552 1498 4605 graec,

370 4628 444 4682 Tem.
463 4630 494 4680 lll
513 4641 540 4695 p.
561 4626 619 4678 123.
1298 4664 1300 4670 y
