3534 5392
711 451 923 516 ..79-

258 619 426 684 excusatio
446 617 515 686 loco
536 639 567 701 p·
588 623 678 684 ‘1140
701 610 734 682 οῖ
756 615 793 682 δέ
816 612 961 698 πάμπαν
976 607 1111 703 ἀρχαῖοι
1131 603 1178 690 οῖς
1201 606 1280 678 οὐδέ
1300 611 1390 696 nrt,-

257 742 318 788 uec
340 721 554 789 dubitandum
575 719 700 788 videtur
720 719 797 803 quin
820 718 866 796 ΙΙ,
889 722 918 795 6,
941 721 960 785 3
982 737 1013 799 p.
1035 721 1127 783 6412
1144 715 1179 779 in
1197 713 1303 780 verbis
1324 708 1392 780 ὡό-

258 845 325 908 περ
352 820 417 909 γὰρ
441 817 473 886 οῖ
498 816 709 908 πολυσαρκίᾳ
732 815 990 906 κεχρημένοι
1012 811 1083 880 καί
1110 805 1236 900 δμκην,
1258 806 1311 890 οῖς
1333 809 1393 878 ent

254 918 294 984 τδ
320 920 483 987 πλεῖστον
507 911 639 986 ίίτεκνοι
653 918 815 1002 aliquanto
837 914 1035 998 probabilior
1058 914 1100 980 sit
1115 914 1305 993 coniectura,
1316 913 1389 978 Plu-

254 1025 410 1090 tarchum
430 1023 655 1108 adspirationis
670 1023 764 1090 venia
778 1042 870 1088 usum
885 1019 1010 1086 dedisse
1034 1018 1066 1085 οῖ
1088 1017 1300 1109 πολυσαρκίᾳ
1322 1019 1391 1084 καί

257 1122 376 1217 δμκηι
405 1130 673 1222 κεχρημένοι,
706 1123 760 1206 ὥς
782 1128 866 1208 κτλ,
896 1149 992 1211 quam
1018 1127 1226 1212 incongruum
1256 1126 1392 1192 alterum

256 1233 317 1300 καί
336 1239 414 1302 autc
438 1231 483 1312 οῖς
502 1233 676 1313 addidisse,
698 1233 732 1298 id
754 1232 838 1317 quod
859 1233 958 1298 muer
978 1230 1147 1296 Beuselero
1168 1229 1332 1312 placuisse.
1465 1231 1470 1242 '

346 1340 467 1406 Durior
480 1340 587 1420 ‘multo
616 1341 651 1404 iu
681 1340 741 1405 hoc
762 1361 877 1424 genere
900 1344 949 1404 est
968 1339 1075 1404 hiatus
1104 1344 1138 1405 et
1159 1339 1213 1404 vix
1234 1338 1391 1419 ferendus,

256 1444 392 1528 quando
413 1445 531 1511 vocalis
554 1446 651 1531 longa
679 1446 835 1530 excipitur
863 1445 967 1524 brevi,
995 1444 1031 1509 in
1050 1443 1120 1508 loco
1141 1443 1183 1509 ad
1205 1444 1392 1511 ordiendum

255 1543 515 1625 auspicatissimo
531 1544 625 1624 VIII,
648 1553 681 1624 4,
704 1553 731 1624 4,
749 1566 780 1628 p.
802 1546 896 1612 raib
915 1543 956 1610 de
971 1544 1118 1627 Apolline
1140 1543 1215 1611 έπεί
1238 1545 1295 1611 καί
1311 1543 1392 1632 φίλ-

256 1647 375 1728 αθλος
398 1641 508 1727 δίλλως
528 1649 584 1716 καί
607 1645 798 1737 φιλόνεικος
826 1644 904 1736 ἡμῖν
929 1644 947 1715 ὁ
970 1648 1068 1730 θεὸς,
1102 1644 1203 1729 αδτδς
1225 1649 1260 1718 έν
1288 1655 1392 1718 κιθα-

259 1747 352 1838 ρίσει
384 1752 440 1818 καί
468 1745 540 1840 ᾠδῇ
568 1753 624 1818 καί
652 1754 770 1836 βολαῖς
799 1752 930 1833 δίσκων,
961 1747 1008 1832 οῖς
1029 1747 1058 1819 δ
1081 1749 1165 1820 ἔνιοί
1192 1777 1295 1843 φασι,
1332 1756 1389 1822 καί

261 1859 415 1946 πυγμῇ
442 1851 754 1942 ἁμιλλώμενος,
786 1859 820 1923 in
849 1860 976 1942 quibus,
1005 1859 1034 1923 si
1055 1859 1257 1926 scribendum
1276 1880 1391 1942 propo-

261 1980 360 2026 suero
383 1961 439 2028 καί
461 1959 625 2050 πυγμήν
649 1955 950 2042 ἁμιλλώμενος
969 1961 1048 2027 conl.
1069 1961 1242 2027 PlutMor.
1259 1983 1289 2044 p.
1309 1965 1394 2030 1890

263 2061 401 2148 πυγμὴν
423 2060 479 2127 καί
501 2057 708 2150 παγκράτιον
730 2055 966 2147 ἀγωνίζεσθαι,
990 2062 1099 2145 ecquis
1120 2082 1185 2127 non
1205 2061 1340 2144 probet?

352 2165 393 2230 In
420 2171 604 2230 transcursu
633 2186 745 2230 moneo
774 2186 838 2230 non
868 2168 954 2231 recte
983 2163 1129 2230 additum
1153 2166 1254 2234 videri
1283 2166 1394 2232 eodem

261 2270 367 2336 inciso
383 2271 515 2338 verbum
536 2272 627 2338 δεῖν
646 2272 680 2335 iu
695 2270 798 2336 verbis
816 2268 872 2335 καί
896 2264 914 2336 ὁ
932 2269 1142 2358 Πραξιτέλης
1161 2273 1266 2336 ταῦτα
1290 2261 1393 2350 εἶπεν,

262 2366 393 2462 δίδηλα·
416 2373 555 2442 καὶτοῦ
581 2374 718 2462 Θησέως
741 2367 843 2440 αὐτοῦ
865 2369 1103 2441 πυνθάνεσθαι
1121 2376 1214 2458 [δεῖν]
1230 2373 1395 2464 φήσουσιν

270 2461 367 2560 ᾧτινι
391 2473 480 2563 λόγῳ
503 2473 671 2561 φοίνικος,
693 2468 762 2542 οὐδ’
780 2473 897 2554 ἐλαίας
919 2472 1041 2542 κλάδον
1055 2471 1253 2544 ἀπέσπασεν
1267 2474 1395 2566 dymno-

264 2582 389 2659 θετῶν,
413 2581 441 2646 si
461 2581 533 2666 quis
548 2580 736 2648 recordatur
755 2603 863 2647 eorum
884 2603 966 2664 quae
982 2581 1159 2648 Lobeckius
1173 2583 1214 2650 de
1227 2585 1395 2650 omissione

262 2682 359 2752 verbi
383 2685 450 2750 δεῖν
474 2708 513 2752 ex
533 2685 718 2770 multiplicis
749 2686 895 2751 lectionis
925 2685 1026 2768 copiis
1055 2685 1169 2752 libavit
1195 2688 1231 2752 in
1251 2688 1398 2773 Parergis

264 2786 307 2850 ad
336 2785 452 2870 Phryu.
479 2807 511 2869 p.
540 2791 611 2854 753.
665 2785 748 2851 Hinc
777 2786 874 2852 etiam
905 2784 991 2850 idem
1020 2785 1151 2852 verbum
1177 2809 1197 2854 a
1225 2787 1396 2855 Plutarcho

267 2890 462 2975 cogitatione
485 2889 736 2972 conprehensum
766 2911 830 2956 non
850 2889 969 2975 litteris
993 2911 1177 2972 expressum
1198 2893 1340 2975 suspicor
1361 2893 1397 2957 in

265 2992 338 3060 loco
360 3015 456 3078 quem
484 3015 549 3060 non
577 2994 655 3060 satis
683 2999 775 3060 caute
806 2994 1000 3079 suspectavit
1027 2995 1064 3060 R
1090 2996 1217 3062 Franks
1245 3020 1334 3064 mens
1361 2999 1396 3064 in

263 3095 397 3160 Miscell.
409 3094 527 3160 criticis
546 3093 587 3160 ad
600 3094 680 3160 Plut
694 3093 798 3180 Symp.
815 3115 845 3176 p.
857 3098 919 3161 418
931 3093 1002 3172 VII,
1019 3100 1039 3159 2
1061 3099 1080 3160 3
1100 3115 1130 3176 p.
1143 3101 1239 3162 701a
1260 3093 1394 3164 ἐκείνων

268 3194 302 3265 δ’
332 3193 391 3266 οὐκ
412 3190 453 3265 dv
469 3223 543 3264 τινα
558 3201 614 3286 τῆς
635 3196 746 3276 αἰτίας
768 3191 813 3275 αῖς
830 3189 981 3284 δίληπτον
996 3196 1168 3284 προέσθαι
1183 3195 1242 3283 τὴν
1264 3197 1397 3285 ζήτησιν

268 3309 282 3390 (
288 3298 404 3392 ᾤετο),
426 3304 482 3370 ubi
504 3303 588 3388 quod
607 3324 665 3386 pro
689 3295 748 3368 οὐκ
770 3294 810 3369 ἷίν
826 3325 907 3383 τιναΙ
917 3301 1044 3384 scripsit
1060 3293 1099 3366 οὐ
1115 3301 1183 3368 δεῖν
1199 3326 1273 3369 τινα
1287 3324 1398 3371 vereor

270 3433 312 3477 ne
343 3429 407 3474 uon
435 3413 521 3474 recte
550 3408 724 3490 repositum
753 3407 802 3472 sit
828 3405 890 3472 Cfr.
912 3404 1072 3470 Heindorf
1097 3403 1138 3472 ad
1167 3405 1246 3474 Plat.
1272 3407 1397 3493 Protag.

270 3536 302 3598 p.
325 3519 402 3594 595,
425 3535 519 3599 quem
541 3512 700 3598 adlegavit
716 3511 822 3577 Baehr
843 3510 884 3576 ad
906 3510 988 3578 Plut.
1008 3510 1200 3593 Philopoem.
1221 3532 1252 3594 p.
1279 3517 1324 3579 16.

357 3619 463 3684 Minus
490 3617 674 3700 suspitionis
699 3616 798 3682 habet
818 3615 900 3682 alius
920 3615 1009 3681 locus
1028 3614 1106 3694 VII,
1132 3623 1183 3694 10,
1204 3621 1224 3682 2
1244 3637 1275 3699 p.
1297 3622 1397 3697 urea,

271 3715 343 3788 ἀλλ’
372 3717 488 3810 ὥσπερ
516 3721 558 3787 τὰ
592 3725 726 3810 κουρεῖα
761 3716 982 3809 Θεόφραστος
1010 3716 1128 3785 εἰώθει
1158 3719 1269 3787 καλεῖν
1299 3713 1398 3789 doura

271 3822 445 3908 συμπόσια
476 3823 548 3888 διὰ
577 3823 650 3910 την
677 3819 832 3887 λαλίαν
857 3823 948 3904 (haec
969 3821 1033 3887 tria
1053 3822 1153 3888 verba
1173 3843 1191 3888 e
1213 3822 1279 3888 cod.
1302 3822 1397 3890 Vind

270 3929 464 3998 adsumenda
479 3931 584 4016 puto),
607 3925 712 4006 οὕτως
728 3920 843 4006 δίοινος
859 3922 913 3994 δεῖ
932 3926 1023 4013 μέθη
1042 3926 1098 3993 καί
1114 3927 1299 4018 σκυθρωπὴ
1323 3934 1398 4010 ταῖς

271 4039 337 4100 τοῖν
367 4031 579 4102 ἀπαιδεύτων
612 4033 734 4100 ἐνοικεῖ
761 4039 901 4125 ψυχαῖς,
935 4032 1308 4124 ἐπιταραττομένη
1339 4032 1396 4104 ὑπ’

274 4133 373 4229 ὁρμῆς
397 4164 487 4218 τινος
509 4134 529 4228 ἢ
551 4135 747 4222 δυσμενείας
768 4138 838 4202 κτλ.
891 4137 930 4203 In
950 4138 1002 4204 his
1022 4139 1073 4204 vel
1093 4138 1198 4221 prima
1216 4138 1320 4207 fronte
1341 4141 1396 4207 ad-

272 4251 365 4329 paret
392 4251 556 4313 ebrieiutcm
586 4250 735 4310 Ιιοοιίνιιιοι
764 4247 978 4310 ineruditorum
1010 4250 1074 4309 αι’νιί
1101 4251 1249 4330 repetem
1283 4249 1401 4313 rationi

168 4393 170 4397 f
271 4368 386 4430 parum
400 4349 623 4417 convenienter
640 4347 703 4413 dici
718 4346 900 4429 perturbari
915 4347 964 4412 ira
978 4352 1034 4412 aut
1048 4347 1286 4428 malevolentia3
1301 4350 1399 4415 imme

272 4451 514 4538 significandum
535 4456 605 4520 erat
626 4451 813 4518 ebrietatem
832 4451 928 4516 istam
952 4442 1076 4530 δοινον,
1099 4473 1195 4536 quam
1210 4453 1399 4520 nostratium

273 4555 434 4640 quispiam
462 4552 581 4622 duent
612 4558 763 4633 νοονοῖενο,
799 4553 913 4622 cadere
945 4553 980 4618 in
1008 4554 1130 4623 animos
1161 4556 1401 4642 ineruditorum,
