3534 5392
732 459 946 524 -93-

266 618 395 686 tradita
414 621 479 688 sint
496 643 581 688 nuno
599 621 782 692 adcuratius
796 625 958 710 inquirere
976 625 1196 710 supersedebo.
1228 626 1313 695 Illud
1328 648 1401 711 pro·

267 721 357 790 fecto
379 725 449 792 luce
471 726 588 794 clarius
609 730 670 807 est,
699 750 803 812 neque
825 729 1022 794 Herodotum
1044 751 1148 815 neque
1170 751 1223 795 eos
1246 729 1301 814 qui
1323 749 1401 812 pau-

264 831 400 912 pertino
426 831 612 917 plerunque
641 855 785 900 sermone
814 840 976 903 auctorem
1005 857 1096 902 sunm
1124 835 1265 903 studiose
1285 856 1401 920 propa·

265 943 398 1030 garuni,
419 959 516 1003 unum
535 938 668 1006 fortasse
689 941 716 1005 si
732 941 895 1024 exceperis
908 941 1088 1022 Diodorum,
1108 942 1200 1007 euius
1219 942 1325 1009 tenuis
1345 942 1401 1008 ad·

268 1043 405 1107 modum
436 1044 471 1107 in
503 1043 553 1109 his
584 1044 679 1110 rebus
710 1045 898 1124 auotoritas,
931 1065 1123 1130 quamquam
1159 1045 1301 1111 narratio
1332 1044 1405 1128 ipss

267 1149 423 1216 uberiore
438 1149 552 1216 induta
571 1157 620 1218 est
634 1173 790 1230 sermone,
813 1152 853 1219 de
867 1152 932 1218 alio
945 1153 1119 1220 bestiarum
1134 1175 1249 1238 genere
1263 1153 1404 1238 eogimre

264 1259 412 1340 potuisse
432 1280 529 1343 quam
550 1259 590 1325 de
613 1259 718 1328 subus.
761 1259 845 1337 Quas
866 1280 979 1342 perse
999 1260 1081 1324 nihil
1103 1259 1248 1342 inpedire
1269 1259 1402 1338 ridetur,

266 1366 441 1449 quominus
460 1366 495 1430 in
511 1366 577 1432 solo
597 1365 725 1432 madido
742 1387 780 1432 ac
800 1365 904 1432 lutoso
925 1367 1035 1431 statim
1055 1371 1128 1448 post
1143 1364 1209 1431 Nili
1223 1386 1401 1450 regressum

267 1472 445 1554 gratiorem
467 1471 564 1536 etiam
593 1471 654 1537 sibi
676 1471 817 1538 cibatum
845 1469 957 1556 (veluti
985 1475 1160 1553 serpentes,
1187 1476 1224 1536 ut
1251 1470 1401 1536 distincte

266 1575 435 1641 adnotavit
448 1575 527 1641 Plin.
542 1574 574 1643 h.
589 1597 619 1642 n.
636 1574 691 1655 XI,
714 1581 763 1654 53,
781 1580 859 1654 279)
873 1574 1091 1658 reppererint,
1107 1595 1203 1658 quam
1216 1572 1350 1652 semina,
1365 1577 1402 1637 nt

269 1678 409 1744 alterum
433 1678 534 1745 altero
554 1699 608 1745 eas
628 1684 816 1762 praeoptare
837 1679 978 1760 potuisse
999 1677 1152 1746 credibile
1171 1679 1220 1744 sit.
1259 1678 1297 1743 Id
1317 1675 1402 1763 quod

269 1801 386 1846 moneo
408 1801 517 1846 eorum
538 1780 749 1862 interpretum
776 1780 893 1864 gratia
923 1801 1014 1864 quos,
1048 1801 1120 1845 oum
1145 1777 1280 1844 mirifico
1307 1779 1401 1861 plane

270 1888 450 1950 commento
466 1905 537 1950 sues
551 1885 625 1950 huic
639 1885 763 1950 muneri
782 1885 901 1949 rustico
916 1889 1086 1966 propterea
1101 1883 1247 1949 adhiberi
1262 1883 1401 1966 potuisse

268 1989 396 2070 negant,
417 1983 501 2068 quod
517 1983 720 2050 devorassent
740 1985 846 2067 potius
868 1986 997 2064 semina,
1019 2007 1115 2070 quam
1134 1987 1170 2051 in
1188 1985 1255 2051 solo
1269 1984 1398 2068 depres-

270 2093 400 2172 sissent,
430 2113 494 2156 non
516 2093 689 2158 absterruit
710 2097 758 2158 tot
779 2094 971 2177 scriptorum
992 2114 1177 2171 consensus,
1207 2115 1271 2177 quo
1294 2093 1399 2158 minus

271 2220 311 2263 ex
332 2197 429 2264 subus
448 2196 544 2263 boves
563 2197 667 2264 facere
687 2197 947 2282 adgrederentur.
989 2198 1089 2283 Atqui
1110 2197 1260 2282 Aegyptii
1280 2197 1403 2262 semina

271 2412 423 2480 pyramides
452 2417 524 2463 eruta
544 2412 615 2478 apud
633 2410 796 2478 Willrinson,
821 2415 842 2463 A
864 2413 966 2464 second
990 2414 1073 2465 series
1091 2414 1121 2466 ot
1137 2413 1183 2465 the
1201 2414 1323 2467 Manners
1348 2416 1400 2467 aad
1476 2448 1478 2453 ·

273 2497 398 2550 Customs
417 2499 446 2549 ot
460 2497 506 2549 the
524 2500 627 2550 ancient
646 2497 789 2568 Egyptians
808 2499 868 2553 Vol.
889 2503 898 2550 1
915 2516 942 2566 p.
960 2501 1008 2565 38,
1030 2506 1059 2553 ut
1077 2518 1129 2552 non
1148 2502 1401 2554 omni·esreatve1i

272 2587 451 2640 similitudinis
471 2589 575 2656 specie,
594 2587 643 2639 hus
661 2604 723 2640 sues
741 2595 814 2641 natas
833 2605 894 2640 esse
912 2589 938 2639 in
962 2590 1077 2642 cerebris
1094 2605 1185 2641 comm
1205 2591 1250 2655 qui
1266 2589 1308 2641 vel
1325 2590 1402 2657 primi

269 2677 336 2730 baec
349 2679 536 2747 Aegyptiorum
552 2678 730 2730 rusticantium
744 2679 850 2744 negotia
863 2683 1068 2744 conspexerunt,
1087 2677 1130 2730 vel
1144 2679 1203 2743 qni,
1222 2678 1303 2742 idque
1316 2677 1399 2728 multo

269 2766 432 2832 probabilius
446 2771 502 2832 est,
523 2761 626 2819 tabulas'
645 2780 724 2832 opera
743 2766 839 2817 rustica
851 2765 1039 2835 Aegyptiorum
1058 2763 1212 2818 exhibentes
1229 2765 1401 2830 neglegenter

269 2853 490 2918 perlustraverunt
510 2859 536 2906 et
555 2867 690 2918 caprarum
711 2852 771 2904 loco
790 2869 852 2904 sues
871 2854 922 2905 sibi
941 2853 1041 2905 vidisse
1060 2854 1225 2920 videbantur,
1245 2870 1307 2907 cum
1325 2869 1399 2921 prae-

269 2941 363 2992 sertim'
381 2955 465 3006 genus
485 2957 621 3008 caprarum
639 2942 856 3011 Aegyptiaoanrm
881 2957 973 3008 parurn
993 2942 1127 3007 cognitum
1149 2950 1221 2997 esset
1240 2944 1399 2996 Graecorum

270 3031 517 3096 peregrinatoribns.
560 3027 680 3081 Cetenrm
704 3031 739 3082 ita
759 3029 792 3080 de
811 3029 861 3081 hac
880 3046 908 3080 re
926 3032 1053 3081 enarravit
1072 3029 1219 3082 Wiltrinson
1237 3031 1290 3082 1.1.
1308 3048 1334 3098 p.
1354 3033 1398 3098 46,

271 3132 337 3183 quae
356 3120 455 3184 integra
472 3117 524 3169 hoe
542 3119 603 3170 loco
622 3119 743 3172 subicere
762 3120 848 3170 visum
866 3124 920 3171 est:
945 3117 1025 3169 Ttere
1043 3119 1092 3169 tus
1109 3121 1167 3170 been
1182 3137 1247 3170 some
1265 3120 1341 3171 doubt
1357 3139 1399 3170 re-

269 3209 382 3274 spectiny
395 3209 435 3258 tlte
453 3207 637 3274 admissiones
648 3209 726 3260 smine
744 3209 794 3258 into
812 3208 852 3258 tlte
868 3207 948 3270 ficlds
965 3209 1034 3272 alia
1043 3207 1084 3257 tlte
1101 3207 1256 3271 mundatior,
1277 3209 1330 3258 and
1342 3227 1399 3258 eon·

270 3296 395 3346 siderable
413 3295 529 3346 criticism
546 3296 595 3346 las
613 3297 670 3346 been
688 3287 816 3360 suspended
829 3312 860 3344 on
882 3295 923 3344 tle
940 3305 1067 3345 stutemau
1087 3295 1120 3360 os
1133 3294 1286 3346 Herodotus.
1324 3294 1399 3346 Sarna

268 3386 332 3436 lave
356 3384 481 3447 objected,
504 3384 559 3434 tlrat
578 3384 642 3435 tlreir
664 3384 797 3434 uoracious
820 3383 904 3434 habits
927 3400 991 3434 were
1014 3400 1080 3432 more
1103 3381 1177 3448 likely
1195 3393 1220 3433 to
1239 3383 1320 3447 injure
1337 3383 1399 3433 tlran

267 3485 292 3525 to
305 3475 397 3535 benrfit
417 3473 458 3524 tlte
477 3490 553 3522 cause
571 3475 605 3539 os
619 3473 661 3524 tlte
680 3473 863 3536 husbandmen,
887 3473 940 3522 and
956 3473 1012 3523 tlut
1028 3489 1101 3537 many
1116 3472 1185 3523 otber
1201 3472 1308 3522 animale
1323 3471 1400 3537 rniydt

269 3566 297 3612 be
315 3546 405 3612 elosen
414 3565 464 3629 sor
479 3563 519 3612 tle
534 3579 645 3626 purpose
663 3562 698 3628 os
708 3561 823 3627 treads'ny
840 3561 865 3611 in
882 3561 924 3611 tlse
938 3559 1015 3626 yrain
1032 3553 1135 3611 without
1152 3561 1192 3613 tlte
1203 3562 1270 3627 sear
1286 3561 1322 3627 os
1333 3560 1398 3610 their

269 3651 411 3716 destroyiny
435 3651 503 3701 alsat
526 3650 583 3716 tltey
606 3668 670 3701 sane
695 3651 809 3702 intended
832 3662 857 3701 to
880 3669 1013 3716 preserve:
1042 3653 1084 3701 but
1102 3653 1143 3701 ste
1161 3651 1263 3701 learned
1283 3652 1399 3702 Larodes

267 3761 326 3810 uery
350 3745 471 3810 properly
494 3753 622 3810 suyyests,
647 3743 702 3795 tint
724 3744 845 3808 muzrliny
867 3743 930 3795 tbem
954 3743 1037 3794 would
1060 3742 1206 3807 effecturally
1231 3743 1328 3794 obviate
1348 3743 1399 3794 tiss

269 3833 468 3895 inconvenience,
488 3832 540 3882 aad
560 3832 615 3882 tlat
631 3832 672 3883 tlte
690 3832 814 3882 listorian
831 3848 889 3896 may
909 3831 993 3881 allude
1010 3841 1036 3880 to
1054 3829 1119 3878 their
1135 3828 1272 3878 admission
1289 3829 1339 3879 into
1357 3829 1398 3880 tle

262 3917 346 3979 fields
361 3916 479 3981 previous
498 3927 523 3966 tc
542 3915 582 3966 tle
602 3915 697 3981 sowiny
715 3917 750 3978 os
761 3915 801 3965 tle
817 3915 907 3980 yreia,
930 3915 980 3980 sor
1002 3913 1043 3963 tle
1063 3929 1175 3977 purpose
1193 3914 1228 3979 os
1245 3913 1399 3978 eleariny

267 4005 319 4066 tle
342 4003 419 4052 land
438 4005 590 4066 osroots
609 4003 828 4053 andronicus
847 4001 966 4064 weeds,
985 4001 1181 4065 wlroseyrcwtd
1200 4002 1399 4067 wassasaured

267 4092 298 4155 by
316 4089 356 4140 tle
379 4099 457 4140 wate
477 4089 512 4154 of
527 4089 568 4140 tle
591 4089 752 4139 inundatione
777 4105 810 4138 an
835 4089 936 4154 opinion
959 4087 1038 4138 subici
1063 4087 1086 4137 is
1108 4089 1280 4153 strenytdened
1307 4092 1339 4156 by
1357 4090 1398 4140 tlte

266 4173 460 4238 representation
480 4173 515 4239 os
525 4189 590 4222 sonte
609 4172 668 4238 piys
685 4172 759 4237 yiuen
778 4171 803 4221 in
821 4191 838 4222 a
853 4172 973 4236 previous
988 4181 1051 4236 part
1069 4173 1104 4237 os
1120 4171 1172 4232 tlris
1190 4171 1273 4236 work,
1291 4174 1363 4239 srarn
1381 4191 1399 4223 a

266 4263 328 4311 tomb
348 4271 376 4311 at
395 4258 506 4323 Thebes,
531 4260 612 4310 where
635 4260 675 4310 tte
700 4259 867 4310 introductiva
892 4259 927 4325 os
945 4269 1024 4309 water
1039 4258 1127 4322 planu
1144 4276 1221 4309 seerns
1244 4271 1269 4311 to
1288 4261 1398 4341 indicate

266 4350 307 4401 tle
325 4367 368 4399 use
386 4353 436 4416 for
452 4349 532 4400 wlicl
551 4349 608 4415 tltey
625 4367 689 4399 were
707 4349 842 4416 employed.
885 4345 957 4411 Nor,
978 4348 1082 4411 indeed,
1107 4348 1264 4416 censideriny
1280 4350 1334 4400 bow
1351 4366 1395 4399 un·

266 4437 337 4488 clean
356 4438 426 4488 tlcse
444 4435 552 4488 animale
570 4454 634 4487 were
652 4436 800 4488 considered
817 4438 847 4502 by
864 4436 906 4486 tlte
918 4435 1077 4501 Egyptians,
1096 4436 1120 4485 is
1138 4435 1158 4487 it
1176 4435 1250 4502 likely
1268 4437 1323 4486 tint
1339 4437 1396 4501 tdey

267 4539 331 4572 soem
356 4521 414 4587 kept
426 4523 476 4588 for
500 4540 549 4588 any
571 4523 614 4572 but
638 4521 805 4587 ayrieultural
822 4538 963 4586 purposes,·
993 4521 1045 4570 aad
1068 4539 1099 4571 no
1123 4539 1167 4572 one
1191 4522 1239 4572 bas
1258 4540 1276 4572 a
1296 4532 1398 4588 yreater

268 4627 425 4676 appearenee
442 4613 476 4677 os
484 4610 638 4678 probability
656 4611 717 4662 tban
733 4611 789 4663 tlat
806 4621 830 4661 to
849 4609 930 4661 salicis
948 4609 968 4659 1
982 4611 1046 4661 bave
1063 4611 1175 4661 alluded.
