3534 5392
702 505 746 520 ...
796 475 855 540 της
897 507 941 520 -

258 643 360 706 sceret
380 637 515 722 prolana
534 638 743 725 religionique
764 637 898 707 adderet
917 640 1103 723 voluptates,
1125 638 1168 707 ad
1180 639 1299 706 bonum
1318 643 1381 707 sto·

259 743 406 808 maehum
434 743 614 828 ventrisque
643 743 829 829 obsequium
858 744 944 811 band
972 744 1068 812 dubie
1093 743 1269 824 admtior,
1287 765 1383 829 quam
1498 748 1509 768 ⁸

258 848 300 914 ad
321 847 520 916 emendatam
540 849 704 916 Plutarchi
733 849 953 932 scriptionem,
981 850 1165 917 ioculariter
1190 849 1285 916 finxit
1305 848 1384 916 ord·

259 977 371 1037 μοχοι.
417 953 499 1022 Vide
527 961 681 1040 quantum
707 955 902 1040 ineptiarum
931 977 971 1022 ea
991 977 1052 1022 vor
1071 957 1169 1024 stulte
1194 956 1384 1040 interposita
1485 1040 1491 1053 .

259 1059 426 1138 pepererit.

346 1161 499 1232 Similiter
519 1164 702 1232 foedissima
724 1165 906 1248 corruptela
925 1166 1060 1232 lectores
1081 1164 1185 1232 adhuc
1203 1163 1385 1232 ludificatur

259 1261 293 1326 in
314 1267 359 1329 eis
379 1286 461 1349 quae
493 1266 544 1332 edi
575 1266 677 1333 solent
704 1267 810 1332 invit.
832 1267 965 1334 Periclis
986 1289 1012 1336 c.
1035 1273 1063 1336 6.
1107 1267 1315 1351 Posteaquam
1344 1266 1385 1334 de

258 1368 374 1453 insigni
402 1373 565 1438 commodo
594 1372 797 1451 dictumest,
830 1373 916 1458 quod
936 1372 1075 1440 Pericles
1095 1396 1133 1440 ex
1156 1373 1384 1441 consuetudine

258 1491 294 1534 ac
306 1470 524 1540 familiaritate
537 1473 745 1560 Anaxagorae
760 1473 951 1542 Clazomenii
961 1476 1094 1558 ceperit,
1109 1480 1146 1541 ut
1159 1497 1266 1540 rerum
1281 1476 1387 1542 causis

259 1574 392 1658 cognitis
419 1575 484 1641 iam
504 1576 587 1643 liber
608 1582 690 1644 esset
711 1578 751 1644 ab
775 1578 861 1643 omni
883 1577 1123 1660 superstitione,
1153 1598 1249 1662 quam
1276 1599 1383 1644 rerum

260 1678 443 1744 coelestium
464 1681 688 1763 contemplatio
718 1686 813 1766 otqm
834 1688 940 1749 terror
958 1681 1085 1749 efficere
1107 1680 1222 1759 soleat,
1252 1680 1380 1748 subiun-

259 1780 343 1864 gitur
370 1783 607 1850 narratiuncula
631 1784 795 1868 decapite
824 1786 934 1852 arietis
964 1786 1127 1852 unicornis
1159 1785 1201 1851 ad
1228 1785 1383 1853 Periclem

259 1905 329 1950 rure
351 1887 452 1952 adlati
476 1893 509 1952 et
529 1909 594 1972 qua
620 1889 743 1955 ratione
769 1895 953 1972 portentum
971 1913 993 1957 a
1012 1890 1175 1972 lampone
1202 1911 1321 1975 augrrre
1351 1894 1385 1954 et

258 2009 365 2054 rursus
383 1991 424 2056 ab
446 1990 636 2076 Anaxagora
664 1994 910 2077 interpretatum
936 1993 1042 2060 fuerit.
1084 1993 1208 2060 Deinde
1238 1993 1381 2074 boecle-

258 2100 374 2180 guntur
394 2092 517 2162 ἐκώλυε
540 2092 569 2162 d'
583 2091 688 2178 οόόὲν,
713 2090 817 2182 οἶμαι,
838 2097 972 2165 καὶτὸν
993 2097 1136 2188 φυσικόν
1156 2096 1384 2185 ἐπιτυγχάνειν

260 2194 314 2261 καὶ
333 2194 388 2261 τόν
409 2193 542 2281 μάντιν,
565 2201 626 2265 τοῦ
645 2197 706 2283 μὲν
727 2197 783 2287 τη“ν
808 2196 932 2281 αἰτίαν,
947 2203 1016 2271 ,τοῦ
1037 2199 1074 2267 δὲ
1095 2196 1134 2266 τό
1155 2198 1251 2278 τέλος
1274 2200 1383 2279 καλῶς

258 2297 539 2384 ἐκλαμβάνοντος·
571 2296 726 2368 ὑπέκειτο
757 2301 818 2393 γὰρ
840 2305 888 2392 τῷ
907 2306 984 2387 μέν,
1016 2301 1052 2370 ἐκ
1073 2299 1171 2369 τίνων
1192 2302 1306 2391 γέγονε
1327 2300 1384 2368 καί

260 2408 330 2484 πῶς
352 2404 497 2493 πέφυκε,
529 2409 719 2496 θεωρῆσαι,
743 2411 790 2496 τῷ
813 2408 868 2488 de',
888 2406 974 2498 πρός
1002 2407 1035 2475 τί
1057 2409 1170 2495 γέγονε
1191 2408 1248 2476 καί
1268 2406 1302 2475 τί
1323 2431 1383 2495 ση-

160 2555 167 2574 ,
206 2589 213 2602 ·
259 2505 384 2589 μαίνει,
410 2511 597 2598 προειπεῖν.
640 2506 681 2575 Oi
704 2508 740 2575 δὲ
760 2512 819 2596 τῆς
842 2505 954 2587 αἰτίας
980 2505 1038 2594 τήν
1062 2504 1190 2596 εόρεσιν
1211 2501 1382 2597 ἀναίρεσιν

258 2603 342 2678 εἶναι
363 2611 513 2699 λέγοντες
535 2614 594 2678 τοῦ
616 2607 757 2699 σημείου
780 2604 840 2677 onix
861 2608 1054 2676 ἐπινοοῦσιν
1084 2604 1156 2693 ίίμα
1177 2613 1250 2686 τοῖς
1270 2604 1384 2685 θείοις

259 2718 312 2786 καί
345 2718 386 2786 τὰ
414 2722 551 2808 τεχνητὰ
587 2723 650 2786 τῶν
680 2715 856 2803 συμβόλων
884 2712 1101 2796 ἀθετοῦντες,
1135 2713 1306 2806 ψόφους
1340 2739 1383 2781 τε

257 2820 416 2891 δίσκων
436 2821 493 2890 καί
509 2827 604 2914 φῶτα
621 2825 757 2914 πυρσῶν
772 2823 828 2889 καί
846 2816 1023 2909 γνωμόνων
1037 2813 1314 2903 ἀποσκιασμούς·
1336 2807 1383 2883 ὧν

258 2925 396 2994 ἕκαστον
426 2924 518 3018 αἰτίη
549 2928 613 2994 τινὶ
639 2923 694 2993 καί
720 2927 909 3016 κατασκευῇ
936 2927 1074 3013 σημεῖον
1096 2914 1183 2990 εἶναί
1204 2945 1381 3001 τινοςπε-

257 3029 405 3118 ποίηται.
437 3035 548 3100 Ταῦτα
569 3033 630 3117 μὲν
654 3025 711 3100 οὗν
727 3028 808 3111 ἴσως
826 3027 942 3119 ἑτέρας
965 3030 1034 3098 ἐστὶ
1056 3026 1298 3119 πραγματείας.
1330 3030 1383 3097 sie

255 3131 339 3218 bunc
365 3133 470 3200 locum
498 3133 653 3201 editiones
680 3135 850 3218 pleraeque
881 3133 1048 3210 exhibent,
1078 3155 1179 3217 neque
1208 3137 1257 3199 est
1282 3133 1317 3197 in
1338 3155 1385 3211 co,

169 3221 175 3228 ³
256 3234 340 3318 quod
361 3233 520 3302 offendere
542 3239 637 3320 atque
659 3233 804 3318 inpedire
822 3233 962 3317 peritum
983 3232 1133 3300 lectorem
1153 3233 1268 3315 possit,
1289 3253 1380 3315 prae·

253 3338 401 3418 tanquam
422 3335 457 3400 in
477 3335 582 3403 verbis
605 3329 742 3423 ψόφους
763 3356 800 3399 τε
823 3331 961 3411 δίσκων,
986 3353 1120 3417 quorum
1145 3331 1269 3416 siquid
1290 3331 1382 3397 video

256 3437 413 3504 sententia
440 3442 507 3504 tom
535 3439 645 3521 inepta
665 3442 728 3513 est,
748 3441 784 3502 ut
802 3457 911 3504 reram
931 3433 1076 3502 codicum
1094 3435 1286 3518 scripturam
1313 3455 1382 3501 esse

254 3564 318 3611 non
338 3542 479 3610 adducar
499 3547 536 3610 ut
558 3543 692 3610 credam.
728 3542 774 3608 do
797 3541 937 3624 primum
957 3540 1088 3626 quidem
1108 3560 1265 3624 quaenam
1285 3539 1378 3604 intel·

254 3641 388 3728 legenda
402 3638 631 3726 sint'oipftolo
655 3639 792 3728 τεχνητὰ
814 3646 887 3725 post
907 3664 947 3709 ea
965 3662 1047 3726 quae
1068 3641 1224 3720 Rebkius,
1244 3642 1382 3724 repetita

255 3745 368 3813 deinde
397 3769 417 3812 a
439 3746 551 3813 Carolo
571 3745 694 3812 Sinteni
722 3745 756 3810 in
778 3743 917 3813 editione
939 3745 1074 3822 maiore,
1104 3743 1253 3809 adhunc
1278 3743 1383 3810 locum

258 3851 657 3930 subtilissime'adnotavit‚
680 3851 810 3918 cuilibet
829 3851 943 3934 opinor
963 3848 1167 3915 manifestum
1188 3870 1257 3916 esse
1277 3849 1382 3918 debet.

260 3955 340 4022 Sunt
352 3956 445 4035 euim,
460 3961 497 4022 ut
507 3955 584 4040 ipsis
595 3956 705 4022 Reiski
718 3955 824 4021 verbis
836 3959 917 4033 utar,
931 3974 1005 4019 oum
1016 3953 1071 4018 rix
1081 3953 1199 4037 possim
1211 3954 1382 4036 explanare

255 4062 375 4140 melius,
394 4059 513 4128 indicia
533 4081 641 4128 rernm
662 4061 702 4128 ab
724 4061 796 4126 aliis
816 4060 914 4127 rebus
934 4059 1048 4125 effecta
1067 4059 1117 4124 vel
1132 4059 1309 4139 existentia,
1330 4083 1385 4126 κοπ

254 4189 271 4232 ο
291 4173 397 4234 notura
409 4172 573 4252 μνοονεαίίε
594 4168 628 4254 (i.
651 4189 677 4233 e.
700 4172 772 4244 τοῖς
785 4162 934 4247 θείοις),
955 4167 1007 4233 rod
1025 4167 1061 4228 ub
1081 4171 1145 4230 crte
1172 4170 1300 4232 Ιιιινκοοο
1328 4171 1384 4233 elo

255 4271 362 4334 orato
384 4271 400 4353 (
407 4271 478 4347 τοῖς
498 4271 702 4356 τεχνητοῖς),
733 4273 770 4333 ut
790 4268 887 4336 taeda
916 4270 1030 4338 ardens
1057 4276 1249 4355 etgnomon
1270 4269 1384 4334 umbra
1494 4275 1498 4284 '

254 4378 378 4458 tempus
404 4371 598 4460 significans,
632 4376 705 4439 sunt
726 4394 777 4438 res
805 4372 972 4447 hominum
1006 4375 1153 4440 manibus
1183 4377 1381 4457 conparatae,

254 4499 312 4562 per
334 4485 412 4562 ques
433 4499 498 4543 non
521 4475 609 4544 nulla
629 4476 824 4555 indicantur,
846 4497 928 4562 quae
950 4475 1094 4544 videntes
1123 4476 1312 4560 intellegunt
1332 4472 1382 4538 vel

255 4584 442 4651 coniectent.
493 4583 614 4663 Quibus
644 4583 834 4670 subiungere
863 4581 944 4648 libet
968 4581 1111 4650 eirudem
1141 4582 1201 4647 viri
1229 4580 1376 4646 observa·
