3534 5392
469 656 509 723 In
530 656 641 723 eodem
655 656 759 740 ospite
774 676 805 739 p.
819 660 909 723 6530
928 660 1099 739 postquem
1116 658 1375 724 commemorarit
1386 654 1507 722 nutum

385 758 514 827 omnino
533 756 573 824 de
595 780 630 823 re
652 778 787 823 venereo
805 778 864 839 per
885 778 997 822 cenem
1017 755 1242 838 disputationis
1261 758 1349 825 inter
1369 756 1507 822 seniores

385 866 419 929 et
438 862 567 927 invenes
585 860 691 927 locum
713 882 794 938 esse,
816 860 958 926 indicata
977 866 1051 943 post
1071 855 1143 941 οὐχι
1162 860 1291 941 lscnns,
1320 863 1401 927 hoec
1419 860 1505 926 dein·

384 984 459 1047 ceps
479 968 669 1047 sequuntur:
699 959 786 1050 πρὸς
806 963 922 1029 ταῦτα.
941 957 973 1026 oi
994 961 1055 1044 μὲν
1083 960 1141 1028 τὸν
1168 962 1371 1051 Ξενοφῶντα
1400 960 1506 1049 παρέ·

385 1068 500 1153 lodov,
523 1061 578 1147 ὥς
599 1063 816 1153 ἀπάγοντα
834 1065 932 1144 τούς
957 1065 1183 1147 συμπότας
1209 1064 1317 1150 μετὰ
1338 1067 1509 1133 δεῖπνον

386 1167 474 1257 οὐχι
495 1222 503 1239 .
523 1225 559 1240 ..
594 1170 656 1261 ἐφ’
686 1171 832 1240 ἵππων
855 1172 925 1239 ἐπὶ
948 1170 1183 1251 συνουσίας
1211 1172 1320 1262 πρὸς
1342 1171 1418 1250 τὰς
1438 1195 1510 1258 γν-

385 1382 490 1448 Ουωτί.
513 1380 571 1435 tiu.
597 1380 628 1431 19
650 1394 676 1447 p.
695 1380 774 1431 eloe
798 1374 864 1431 ὅταν
885 1378 964 1449 δείσῃ
988 1380 1025 1445 τῷ
1046 1374 1183 1447 πνεύματι
1207 1373 1386 1449 τρεπόμενος.
1431 1376 1511 1428 lieni·

385 1467 482 1521 lectum
503 1475 543 1520 est
561 1464 677 1518 Psellum
699 1464 807 1517 dedisse
825 1461 902 1536 ιέέρι
922 1458 1151 1535 τρεπόμενος.

452 1559 517 1625 Peg.
538 1559 569 1610 18
587 1558 615 1609 io
632 1555 693 1609 loeo
710 1555 841 1608 Plutarchi
861 1563 962 1621 quaest.
986 1562 1068 1609 nator.
1087 1556 1120 1607 22
1140 1572 1165 1623 p.
1183 1556 1259 1608 9111
1281 1557 1376 1607 iniuria
1398 1556 1510 1607 tortasse

384 1646 522 1701 sollicitavi
543 1646 623 1699 verbs
640 1650 731 1698 πέττει.
747 1645 777 1697 δὲ
796 1641 927 1705 κάλλιστα
945 1642 981 1696 τὸ
1000 1645 1189 1711 διαπνέον,
1206 1646 1278 1711 quod
1297 1646 1389 1699 nescio
1407 1660 1441 1696 an
1458 1661 1509 1697 non

384 1734 451 1787 tueri
470 1732 548 1785 liceat
563 1732 685 1799 exemplo
705 1732 845 1785 Clementis
864 1734 935 1786 Alex.
956 1732 1037 1787 Paed.
1055 1734 1065 1784 t
1084 1749 1110 1800 p.
1131 1734 1195 1799 122,
1217 1736 1251 1785 ts
1275 1731 1345 1785 ιλλλιὶ
1369 1728 1509 1802 μεταβάλ-

383 1825 476 1882 λοντες
494 1822 532 1887 (ολ
548 1826 659 1891 pueroli
678 1816 728 1886 τὴν
745 1818 854 1891 τροφὴν
873 1821 904 1874 έν
921 1821 1029 1881 ἑαυτοῖς
1045 1818 1205 1891 ἐργάζονται
1230 1816 1304 1888 γάλα
1322 1822 1371 1873 not
1388 1820 1507 1873 διαπνέ-

384 1924 464 1963 συσιν
482 1909 499 1962 1.
512 1923 536 1963 e.
553 1909 595 1960 lec
612 1910 638 1959 in
656 1928 685 1959 se
703 1909 767 1975 ipra'c
786 1910 904 1973 efficiunt
919 1921 944 1961 ct
960 1911 1088 1962 atatam.

454 2000 517 2067 Peg.
537 2001 570 2052 22
589 2001 615 2051 in
634 1998 743 2053 Scholio
762 1998 826 2054 Cod.
847 2000 954 2054 Fames.
979 2001 1049 2067 apud
1072 1999 1216 2055 Stoboeom
1240 2000 1352 2052 licerent
1369 2017 1396 2068 p.
1416 2002 1511 2065 ibib

386 2087 420 2138 de
432 2091 519 2156 etymo
540 2084 654 2137 nominis
669 2084 852 2149 Achaeorum,
870 2100 1015 2151 perperam,
1034 2085 1087 2136 veri
1106 2086 1195 2150 specie
1214 2084 1358 2150 deceptos,
1377 2084 1458 2135 verba
1471 2084 1509 2133 vi-

288 2230 290 2237 ,
383 2170 453 2221 tiosc
478 2163 519 2220 du
538 2164 608 2237 μετὰ
630 2164 781 2238 κυμβάλων
808 2166 966 2235 ἠχοῦσαν
990 2170 1026 2219 ite
1043 2170 1142 2220 correxi
1159 2173 1188 2220 ut
1205 2169 1347 2221 scriberem
1371 2164 1412 2220 ὅτι
1433 2190 1466 2239 μ.
1485 2187 1509 2220 ιι.

383 2250 453 2321 ἤχου
477 2254 557 2305 lorido
585 2266 645 2303 cum
671 2257 788 2317 apertum
814 2250 847 2300 sit
875 2252 959 2302 luisse
983 2252 1046 2303 olim
1077 2249 1117 2304 ὅτι
1139 2248 1210 2318 μετὰ
1234 2247 1386 2323 κυμβάλων
1410 2250 1511 2319 ἠχοῡπα

385 2340 430 2394 eir.
456 2340 559 2393 Pretter.
587 2338 688 2392 Grieeh.
714 2338 795 2409 liptb.
822 2346 828 2391 t
854 2356 880 2407 p.
909 2342 967 2395 596.
995 2348 1021 2393 et
1050 2343 1116 2395 Piut
1138 2340 1204 2394 lior.⁴
1226 2357 1253 2407 p.
1278 2342 1363 2406 3780,
1388 2346 1417 2393 nt
1439 2341 1511 2393 eliud

381 2442 464 2493 egens
492 2427 612 2481 iniuriam
637 2442 723 2494 paene
745 2429 852 2481 fecerim
876 2428 1012 2494 Heereno,
1041 2430 1174 2496 siquidem
1201 2427 1336 2499 ν’μοῦσαν
1357 2430 1424 2483 nihil
1447 2446 1508 2481 ease

382 2512 503 2569 videntur
519 2512 569 2565 nisi
588 2510 709 2580 sphalma
724 2512 890 2583 typographi.
961 2565 965 2569 .

451 2600 515 2669 Peg.
534 2600 576 2655 23.
610 2598 875 2673 LocomSymp.V1‚
895 2602 950 2663 8,2
967 2616 993 2668 p.
1003 2601 1080 2655 otto
1099 2603 1146 2654 καλ
1158 2597 1243 2668 κτήνη
1258 2597 1379 2673 μάλιστα
1396 2598 1510 2657 πάντων

382 2688 529 2761 ἐδωδίμων
550 2682 761 2761 ἀναρρώννυσιν
784 2680 877 2759 α’ρτος,
904 2683 973 2741 ὥστε
996 2682 1050 2740 κᾶν
1068 2682 1212 2756 ἐλάχιστον
1230 2682 1407 2758 έμφοὶγωσιν,
1425 2685 1509 2747 εὐθὺς

382 2782 506 2835 ἵστανται
526 2778 744 2849 καλιβαδίζουσι,
770 2776 878 2843 psoium
902 2778 977 2830 abest
999 2778 1061 2843 quio
1086 2792 1240 2844 expressum
1261 2777 1348 2829 dcam
1365 2794 1398 2829 ex
1420 2776 1508 2830 Xeno-

381 2865 489 2933 phontis
501 2865 585 2917 Anah.
602 2863 647 2928 iV,
661 2866 687 2927 5,
707 2865 721 2915 8
736 2864 770 2915 de
788 2864 881 2913 eedem
894 2880 921 2915 re
938 2864 1104 2918 disserentis:
1123 2858 1177 2918 τᾶν
1187 2884 1212 2918 τι
1229 2860 1369 2935 φάγωσιν,
1383 2861 1507 2933 ἀναστή-

381 2963 478 3001 σονται
493 2974 520 2984 ·-
535 2942 630 3012 ἐπειδὴ
648 2943 672 2997 δ
680 2942 853 3017 ’ἐμφάγοιεη
871 2944 1019 3000 ἀνίσταντο
1036 2951 1084 3000 καλ
1099 2945 1276 3021 ἐπορεύοντο.
1314 2947 1436 3002 Ceterum
1448 2964 1507 3017 pce

381 3050 470 3104 peram
488 3036 593 3097 ἰῶνται,
612 3034 683 3100 quod
704 3035 729 3085 in
748 3033 888 3087 codicibus
905 3039 947 3085 est
963 3049 1011 3100 pro
1029 3036 1161 3103 ἵστανται,
1179 3042 1270 3102 utpote
1286 3037 1396 3089 soloeee
1408 3037 1508 3089 dictum

381 3125 559 3179 reteeuneum
582 3123 647 3176 mibi
674 3124 826 3189 videbatur,
851 3124 956 3189 quando
980 3125 1043 3176 item
1068 3127 1174 3191 passive
1195 3132 1335 3193 usurpatur
1352 3125 1444 3195 Symp.
1463 3126 1506 3190 111,

382 3215 424 3278 10,
442 3214 495 3281 dp,
509 3214 593 3269 ostri.
628 3215 718 3282 iisqne
737 3214 786 3265 nisi
799 3211 949 3279 Xenophon
967 3217 994 3266 et
1005 3212 1109 3265 Pectius
1123 3220 1284 3280 praestarent
1299 3216 1435 3282 ἵστανται,
1453 3214 1506 3266 hoc

382 3310 452 3357 certe
472 3306 579 3356 nomine
597 3304 661 3356 setis
681 3308 767 3356 tutum
788 3308 859 3361 esset
875 3304 981 3354 ἰῶνται.

447 3386 511 3455 Paq.
530 3388 571 3441 31.
609 3392 636 3439 tn
651 3388 705 3440 vitu
721 3388 816 3437 Anton.
837 3386 868 3434 11
887 3390 914 3435 et
931 3388 1016 3439 aner.
1035 3386 1093 3438 cb
1122 3383 1237 3437 Sinteuis
1256 3385 1340 3436 edidit
1357 3389 1440 3437 ταῖν
1452 3400 1505 3453 χε-

377 3480 455 3549 ροῖν,
481 3473 647 3537 eandemque
664 3467 775 3523 sormam
803 3469 951 3522 obtinuisse
974 3470 1053 3521 video
1077 3470 1147 3537 opud
1170 3467 1332 3522 Clementem
1355 3468 1451 3522 Strom.
1469 3468 1505 3521 Vi

377 3576 404 3627 p.
424 3559 483 3615 161,
501 3555 517 3604 9
535 3553 647 3627 ἀμφοῖν
668 3559 730 3607 ταῖν
746 3548 900 3620 διαδήκαιν
922 3553 1042 3618 aliosque
1064 3555 1205 3621 scriptores
1229 3570 1335 3620 saeros,
1366 3571 1420 3607 non
1448 3570 1504 3607 raro

377 3655 466 3700 umen
482 3644 516 3696 cd
536 3644 709 3707 antiquiorem
730 3642 857 3709 relapsos.
894 3641 971 3707 Apud
988 3641 1130 3709 Byzantios
1149 3644 1312 3709 irequentius
1327 3650 1397 3710 ταῖν,
1423 3644 1504 3699 veluti

376 3736 524 3807 Theophyi.
546 3738 584 3803 ii,
608 3736 640 3788 18
658 3751 684 3803 p.
705 3733 814 3799 101,13
841 3733 909 3785 conl.
929 3734 1096 3786 Boissouade
1119 3738 1219 3789 Aoecd.
1242 3736 1332 3790 Graec.
1353 3738 1376 3788 11
1391 3754 1418 3807 p.
1437 3740 1504 3802 233;

375 3829 412 3879 its
425 3826 503 3877 etiam
515 3826 584 3893 apud
604 3824 763 3877 Theodorei.
777 3824 810 3873 de
828 3823 930 3889 provid.
945 3840 982 3877 or.
990 3822 1025 3875 Vl
1038 3840 1064 3891 p.
1078 3825 1127 3876 519
1136 3826 1205 3879 med.
1217 3824 1301 3880 hebes
1322 3833 1385 3881 ταῖν
1399 3834 1505 3901 χεροῖν.

377 3915 431 3969 Sed
453 3917 488 3966 dc
508 3914 552 3967 liis
573 3914 758 3980 similibusque
776 3914 854 3967 rebus
874 3914 942 3967 atius
962 3916 1011 3969 erit
1028 3917 1134 3969 dicendi
1152 3918 1237 3971 iocus.
1266 3939 1268 3941 ·

445 4002 509 4066 Pas.
528 4001 571 4053 41.
608 4000 648 4050 Ad
668 4014 700 4050 eo
717 4012 785 4063 quae
807 3998 944 4052 clearcho
962 4002 1127 4068 reddidimus
1149 4005 1177 4063 in
1200 4006 1267 4057 iiior.
1285 4019 1311 4071 p.
1331 4006 1388 4055 t'tc
1413 3998 1450 4056 ἄν
1475 4022 1505 4055 τε

373 4087 472 4161 γάμος,
493 4082 535 4141 δν
553 4104 587 4139 τε
606 4088 714 4145 πλοῦς
731 4105 782 4146 τις
804 4090 869 4154 (pro
887 4087 958 4155 vols.
977 4084 1014 4143 ἅν
1031 4108 1058 4143 τε
1077 4090 1216 4155 πλοῦτος)
1241 4084 1284 4144 ἄν
1305 4108 1341 4143 τε
1364 4092 1503 4160 φιλοττ-

373 4180 434 4245 μλα
459 4176 523 4249 (pro
540 4172 610 4240 vulg.
639 4166 677 4227 ι’ἔν
699 4191 728 4227 τε
746 4177 825 4244 φιλία
850 4178 905 4238 τις)
934 4176 980 4231 cir.
1007 4176 1072 4233 lior.
1099 4194 1125 4245 p.
1143 4177 1220 4230 tbssc
1244 4180 1270 4229 ri
1292 4181 1448 4247 γαμητέον,
1473 4179 1505 4229 ελ

371 4264 587 4327 πλευστέον,
610 4262 634 4314 ε1
651 4261 811 4315 δανειστέον
831 4268 900 4329 etp.
920 4264 976 4316 62⁸
995 4267 1042 4317 καλ
1058 4262 1129 4337 πρὸς
1150 4262 1217 4317 ὁδὸν
1235 4263 1251 4331 ἧ
1273 4268 1383 4317 πλοῦν
1403 4260 1421 4333 ἤ
1439 4284 1499 4318 τινα

372 4350 476 4419 πρᾶξιν
493 4354 519 4399 ε1
540 4348 573 4397 de
594 4350 801 4418 φιλοτιμεῖσθαι
821 4356 871 4403 etc.
891 4348 975 4404 Cobet
990 4350 1087 4404 linem.
1109 4352 1175 4403 1860
1194 4368 1219 4419 p.
1237 4352 1297 4405 391.

441 4435 545 4501 Papia
564 4430 635 4487 οὕτω
653 4432 767 4505 μακρὰν
784 4439 831 4489 καὶ
850 4443 1108 4508 συμπεπηγυῖα
1116 4457 1140 4504 ν,
1152 4440 1224 4504 quod
1243 4442 1306 4505 quio
1325 4447 1395 4493 recle
1409 4457 1425 4492 e
1438 4441 1513 4506 cod..

369 4526 483 4577 lectione
504 4528 710 4594 συμβεβηκυῖαν
736 4526 850 4577 eruerim
874 4527 919 4577 vix
936 4527 1109 4579 dubitandum
1136 4534 1177 4581 eat
1196 4535 1303 4596 propter
1320 4531 1411 4599 ὅριοι).
1431 4530 1501 4597 Viti,

368 4615 411 4680 10,
425 4614 476 4681 ip,
490 4613 563 4669 'tlbc
579 4610 668 4683 φύσιν
679 4610 786 4681 ἔχοντες
800 4613 831 4667 έν
844 4616 882 4681 τῷ
893 4609 996 4683 νήφειν
1005 4611 1196 4685 ἀτολμοτέραν
1215 4620 1261 4668 καὶ
1278 4623 1462 4687 πεπηγυῖα
1469 4637 1496 4675 ν.
