3534 5392
669 472 864 542 -s-

203 639 396 713 musonem,
424 633 453 700 si
483 653 546 698 non
571 633 657 715 apud
677 632 876 704 Herodotum
893 613 932 700 ¹ct
951 635 1039 700 certe
1059 629 1150 712 apuu
1168 629 1335 698 sensnm

203 739 392 816 obtinuisse,
423 739 490 805 veri
519 738 606 806 haud
636 738 782 804 absimile
811 742 867 804 est
931 734 994 804 Sed
1025 735 1066 804 de
1095 735 1146 803 his
1175 740 1334 818 utcunque

203 843 361 921 statuitur,
391 841 474 906 nihil
493 862 578 908 nunc
607 840 684 906 iacit
712 842 754 906 ed
781 863 865 922 rem,
894 839 994 908 multo
1024 839 1153 924 marius
1182 844 1243 916 est,
1273 859 1336 922 qua

203 950 326 1018 ratione
355 971 427 1014 cum
455 948 513 1014 nlii
543 948 663 1030 passim
690 948 861 1030 scriptores
885 951 956 1014 trun
980 945 1169 1012 Plutarchus
1200 945 1281 1026 ipse,
1308 944 1334 1010 si

203 1050 391 1120 concludere
410 1051 445 1115 id
464 1051 539 1118 licet
560 1050 758 1119 eLaotantio
778 1049 834 1115 11
857 1049 997 1128 1,2θ,5,
1019 1046 1170 1114 Verrium
1187 1047 1333 1114 Flaccum

202 1156 337 1224 fortasse
358 1163 484 1222 secutus
505 1160 681 1234 auctorem,
703 1194 747 1204 --
767 1175 855 1234 nam,
882 1159 920 1220 ut
939 1158 1067 1236 prester
1091 1155 1176 1220 hunc
1202 1155 1335 1220 clicerius
1378 1139 1380 1146 ’

203 1262 403 1347 grammatici
431 1261 739 1347 porncgraphiam*)
767 1260 947 1328 adhibitam
968 1281 1036 1326 esse
1065 1259 1208 1338 credam,
1240 1281 1334 1344 aegre

203 1364 345 1432 adducor
374 1403 417 1414 -
443 1364 484 1431 de
514 1365 598 1430 Acca
625 1365 788 1444 Imectia,
816 1369 920 1431 scorto
950 1364 1110 1444 Herculis,
1142 1365 1335 1443 disseruerit,

203 1492 277 1538 cum
305 1470 493 1553 praesertim
520 1491 562 1535 ne
594 1469 656 1538 sibi
685 1470 748 1551 ipsi
775 1468 905 1554 quidem
934 1468 1113 1535 constiterit
1142 1489 1200 1552 per
1230 1470 1335 1535 varias

204 1576 300 1642 huius
319 1576 369 1642 rei
394 1575 686 1642 commemorandae
715 1575 977 1658 opportunitates.
1022 1573 1092 1652 Qua
1119 1572 1159 1640 de
1185 1595 1221 1640 re
1252 1593 1335 1646 nunc

205 1677 315 1759 paullo
334 1677 464 1744 uberius
485 1697 634 1744 enarrare
655 1677 768 1759 placet

293 1776 333 1846 lu
352 1777 420 1844 vita
435 1777 563 1861 Romuli
584 1778 683 1862 igitur
703 1798 771 1860 cap.
787 1782 815 1857 5,
837 1782 874 1842 ut
895 1775 1026 1842 tandem
1046 1776 1182 1842 inviam
1199 1776 1335 1856 redeam,

211 1881 310 1950 finisse
336 1882 496 1966 qnondam
523 1882 658 1967 legimus
683 1883 830 1950 Herculis
855 1882 1031 1962 aedituum,
1061 1883 1117 1968 qui
1143 1883 1280 1950 feriatus
1304 1889 1336 1949 et

209 1988 330 2054 otiosus
348 1986 409 2054 deo
431 1992 623 2056 tessernnsm
645 1994 806 2054 certamen
827 1989 1029 2072 proposuerit
1057 1988 1118 2056 hac
1144 1990 1338 2080 condicione,

208 2098 246 2158 ut
263 2093 291 2159 si
305 2093 407 2159 victor
423 2092 596 2174 prodiisset
615 2092 767 2160 Hercules
782 2092 977 2158 luculentum
995 2093 1025 2158 si
1040 2093 1208 2175 praeberet
1224 2113 1332 2160 cenam

204 2200 425 2279 ,eorumque
454 2188 523 2277 ipse
552 2196 580 2260 si
601 2196 728 2260 vicisset
756 2202 793 2260 ut
813 2195 935 2280 aliqund
965 2196 1066 2262 adeo
1093 2196 1239 2264 beneficii
1262 2219 1333 2263 ocn-

207 2301 400 2380 sequeretur.
453 2295 643 2379 Hucusque
673 2295 709 2360 in
737 2316 773 2361 re
802 2316 926 2362 summe
953 2317 1061 2362 onmes
1082 2295 1337 2364 narratiunculae

210 2403 355 2466 auctores
373 2396 581 2464 concordant:
604 2396 793 2462 Plutarchus
813 2397 849 2462 in
863 2396 989 2476 Quaest.
1005 2419 1082 2464 rom.
1100 2403 1149 2476 35,
1172 2397 1233 2462 nisi
1249 2395 1334 2480 quod

209 2501 347 2568 breviori
368 2500 544 2568 narrationi
564 2499 770 2582 prolixiorem
791 2500 935 2582 praefert
955 2501 990 2566 in
1012 2500 1110 2579 Vitis,
1142 2500 1335 2586 Augurstinus

210 2606 250 2672 de
271 2607 328 2673 civ.
351 2606 403 2674 dei
424 2605 487 2684 VI,
511 2613 529 2672 7
552 2625 582 2687 p.
606 2608 686 2682 228,
711 2613 747 2672 11
771 2605 967 2691 (Dcmbart),
996 2605 1113 2676 latinos
1134 2606 1336 2674 hauddubie

209 2710 393 2778 exscribens
414 2712 575 2785 auctores,
600 2730 638 2772 ao
660 2708 764 2790 specie
784 2710 887 2793 magis
907 2729 1004 2792 quam
1024 2730 1060 2774 re
1079 2709 1206 2776 varians
1227 2711 1262 2774 in
1281 2709 1334 2776 de·

210 2813 380 2880 scribenda
401 2811 582 2878 certaminis
603 2811 742 2890 ratione,
764 2832 836 2878 cum
856 2811 952 2878 dicit:
979 2812 1057 2880 lusit
1079 2813 1208 2880 tesseris
1229 2835 1335 2880 secum

210 2903 347 3000 utraque
371 2935 467 2982 manu
498 2914 692 2992 alternante,
722 2915 756 2978 in
785 2936 851 2982 nna
870 2915 1066 2985 constituens
1087 2917 1273 2996 Herculem,
1302 2919 1336 2986 in

212 3019 314 3087 altera
340 3041 374 3088 se
402 3020 521 3102 ipsum,
553 3040 716 3106 cumque
745 3022 891 3106 apprime
920 3024 1066 3108 congruit
1095 3024 1276 3092 Macrobius
1303 3026 1337 3092 in

214 3124 371 3196 Saturncl.
401 3125 568 3205 1,1o,12,
597 3125 682 3192 idem
709 3127 916 3206 recentiores,
942 3107 979 3194 ub
1009 3127 1134 3210 opinor,
1161 3129 1217 3194 sed
1237 3129 1337 3196 multo

196 3233 372 3300 ‘uberiores
392 3232 428 3296 in
444 3231 540 3298 rebus
555 3231 749 3314 exponendis
771 3237 898 3298 secutus
919 3237 1065 3298 auctores
1086 3233 1136 3300 vel
1156 3234 1253 3302 etiam
1273 3234 1334 3304 fre·

210 3334 408 3418 quenticrem
429 3331 548 3399 famam
562 3332 598 3394 in
612 3331 808 3396 sermonibus
823 3331 993 3398 memorari
1009 3330 1148 3409 solitam,
1170 3333 1216 3398 ita
1230 3338 1338 3400 tamen

210 3445 331 3506 utnon
350 3438 477 3504 diversa
495 3458 516 3502 a
533 3435 714 3501 Plutarcho·
725 3435 845 3514 medat,
868 3435 924 3502 sed
945 3436 1041 3502 eliam
1062 3435 1204 3503 eiusdem
1225 3459 1333 3507 nerra·

210 3543 308 3608 tionis
318 3545 445 3623 partem
459 3538 616 3622 copiosius
629 3537 786 3603 inlustret
831 3535 982 3622 Sequitur
997 3536 1113 3607 dehine
1132 3538 1167 3603 in
1186 3539 1252 3606 vite
1273 3540 1333 3606 Ito·

211 3646 291 3713 muli
313 3644 469 3729 quomodo
489 3644 648 3722 aedituus,
670 3649 839 3729 postquam
861 3643 964 3708 victor
985 3642 1155 3710 decesserit
1177 3644 1336 3725 Hercules,

211 3753 305 3831 pacto
327 3748 550 3831 promissisque
571 3753 658 3817 stare
686 3747 721 3812 in
748 3747 890 3814 animum
920 3746 1095 3818 induxerit:
1127 3741 1337 3818 obsurdescis

212 3847 249 3914 ds*
271 3843 475 3931 βουλόμενος
495 3845 551 3913 καὶ
574 3846 712 3911 δικαιῶν
734 3844 887 3931 ἐμμένειν
909 3850 980 3926 τοῖς
1000 3840 1179 3936 descalcius,
1204 3846 1338 3916 δεῖπνόν

204 3953 411 4040 ,1111111εῷ
433 3947 662 4038 παρεσκεύασε
690 3950 746 4016 καὶ
768 3948 825 4036 τὴν
846 3947 1041 4040 Λαρεντίαν
1067 3942 1170 4018 οὖσαν
1198 3947 1336 4041 ὡραίαν,

210 4046 328 4122 otoo
349 4052 392 4122 ds*
414 4050 618 4139 ἐπιφανῆ,
642 4047 904 4134 μισθωσάμενος
933 4046 1155 4121 clericosve
1179 4053 1225 4137 τῷ
1251 4049 1337 4140 ἱερῷ.

210 4158 283 4225 Non
304 4159 393 4224 nulls
413 4157 448 4221 in
471 4157 530 4222 hac
552 4154 735 4220 narratione
754 4175 823 4220 esse
844 4153 938 4219 credo
952 4174 1034 4236 quae
1056 4151 1222 4218 adtentum
1241 4155 1335 4220 lecto-

209 4279 280 4326 rem
300 4256 471 4325 offendnnt.
514 4257 561 4322 Ac
581 4254 721 4336 primum
740 4252 870 4336 quidem
896 4273 1047 4338 magnum
1077 4257 1181 4323 movet
1208 4243 1335 4337 scrupu-

213 4379 421 4391 *—

280 4425 306 4489 *t
326 4425 377 4481 cfr.
396 4428 427 4480 Α.
444 4425 635 4479 Reifferscheid
660 4424 771 4478 Suetcni
791 4424 876 4490 Reliq.
896 4440 922 4493 p.
946 4427 996 4479 466
1019 4440 1059 4492 sq.
1081 4425 1140 4478 coll.
1162 4441 1188 4492 p.
1208 4427 1258 4478 349
1277 4440 1335 4494 sqq.

212 4512 247 4568 11.
265 4513 359 4583 Klapp,
381 4513 552 4570 devitatum
575 4513 789 4567 Plutarcheerum
810 4514 963 4569 auctoribus
981 4513 1107 4568 Romanis
1128 4531 1153 4580 p.
1176 4515 1218 4580 ll,
1243 4517 1339 4568 eodem

213 4596 326 4650 lomere
342 4600 399 4652 inre
413 4599 448 4651 de
458 4598 563 4651 Valerio
578 4599 680 4651 Antiate
692 4600 825 4666 cogitasse
838 4599 943 4652 videtur
955 4604 1060 4668 propter
1073 4597 1137 4654 Gell.
1146 4597 1193 4650 Vll
1208 4598 1263 4668 (Vi)
1275 4601 1300 4664 l,
1315 4601 1339 4672 b.

1143 4699 1175 4756 ¹*
