3534 5392
828 507 871 521 ..
915 475 957 542 90
1000 509 1043 521 ..

238 627 242 634 ¹
374 635 499 719 palmae
518 635 747 708 redundaverit
766 655 807 702 ex
828 616 1037 716 nutrimento,
1059 657 1132 702 cum
1156 635 1283 703 libidini
1301 633 1345 700 sit
1358 655 1398 700 ea
1413 633 1507 717 quasi

236 749 247 760 '
375 739 548 818 moccense,
577 739 620 812 ed
641 739 782 822 corpcn's
806 737 941 807 formam
962 739 1151 822 ampliorem
1173 744 1207 805 et
1230 738 1333 823 magis
1354 737 1504 837 eximiam

318 931 319 935 Ἰ
377 845 573 912 reddendam
605 846 799 927 insumatnr3
828 845 905 916 hinc
933 847 1075 913 sterilem
1105 867 1174 912 esse
1194 846 1230 912 in
1249 845 1392 912 Graecia
1427 842 1505 930 (ce.

373 951 531 1035 Theophr.
548 953 579 1020 h.
601 951 779 1035 pl.111‚4,
801 959 820 1018 5
843 946 862 1018 ά
886 953 1003 1040 φοῖνιξ
1024 951 1103 1042 περὶ
1124 952 1185 1036 μὲν
1205 950 1393 1031 Βαβυλῶνα
1415 954 1504 1014 θαα-

375 1049 514 1136 μαστίς,
538 1050 573 1118 ἐν
588 1052 630 1140 τῇ
649 1045 785 1118 Ἑλλάδι
800 1051 837 1118 δὲ
855 1044 935 1118 οὐδὲ
950 1046 1120 1133 πεπαίνει,
1144 1043 1226 1140 παρ’
1247 1046 1350 1128 ἐνίοις
1365 1048 1403 1115 δὲ
1418 1044 1507 1127 ίίλως

378 1149 458 1223 οὐδὲ
474 1151 661 1245 προφαίνει
683 1151 824 1243 καρπόν,
848 1154 953 1240 quode
970 1154 1043 1222 vide
1057 1155 1165 1234 Fraus,
1177 1153 1308 1240 Symeps.
1323 1154 1422 1236 plant.
1435 1152 1504 1219 flor.

375 1254 466 1324 class.
479 1275 510 1338 p.
526 1259 589 1322 276
610 1259 643 1322 et
661 1254 844 1340 Barthcldy,
864 1255 1084 1323 Bruehstiicke
1104 1262 1165 1324 eto.
1187 1255 1204 1321 Ι
1224 1277 1254 1339 p.
1267 1261 1330 1324 333
1350 1259 1427 1340 not.)
1458 1251 1505 1320 Ut

375 1357 474 1443 igitur
494 1358 529 1422 in
550 1357 602 1424 hie
622 1358 800 1442 palmarum
828 1358 1033 1442 praedicatur
1064 1355 1216 1440 εὐταξία,
1250 1361 1369 1445 qnippe
1399 1359 1501 1425 excel-

373 1460 471 1528 lentis
508 1460 629 1528 formae
661 1463 893 1542 conservatrix,
929 1463 977 1530 ita
1009 1463 1180 1548 gladiatori
1213 1465 1300 1548 apud
1331 1465 1503 1532 maiarum

376 1565 478 1649 Epiot
493 1564 618 1634 dissert
632 1565 690 1656 Ill,
713 1573 750 1634 15
762 1567 977 1643 commendari
992 1567 1115 1635 videbis
1135 1563 1361 1650 εὐτακτεῖν,
1385 1563 1507 1656 dray-

376 1677 588 1760 κοφαγεῒν
613 1672 812 1756 (contillem.
828 1673 917 1740 Alea
931 1673 1024 1742 Paed
1046 1675 1093 1758 II„
1118 1683 1149 1754 l,
1170 1679 1190 1740 2
1209 1697 1240 1759 p.
1266 1676 1395 1759 163Ρ.),
1418 1669 1505 1743 άπέ-
1637 1686 1641 1691 ’

365 1780 498 1860 Ιμασθαι
528 1772 726 1862 πεμμάτων,
759 1775 988 1866 γυμνάζεσθαι
1018 1779 1103 1870 πρὸς
1141 1773 1299 1868 ἀνάγκην,
1332 1781 1402 1866 [ἐν]
1431 1778 1505 1870 άίρᾳ

377 1879 573 1967 τεταγμένῃ,
596 1877 643 1944 ·ε’ν
670 1871 829 1963 καύματι,
867 1879 902 1946 ἐν
931 1876 1046 1970 ψύχει,
1073 1877 1119 1966 μὴ
1141 1879 1273 1970 ’ψυχρὸν
1302 1877 1433 1961 πίνειν,
1456 1877 1503 1966 μή

381 1972 486 2060 οἶνον,
512 1974 559 2046 ὅτ’
582 1975 694 2061 ἔτυχεν
716 1981 785 2048 κτλ.
829 1981 917 2059 Quae
946 1981 1052 2048 omnia
1078 2003 1150 2048 cum
1177 1983 1393 2065 superioribus
1413 1983 1502 2048 testi·

376 2084 492 2152 mcniis
512 2085 560 2152 ita
581 2090 772 2172 congruunt,
791 2091 828 2154 ut
845 2085 940 2169 plane
962 2086 1087 2153 eluceat
1106 2092 1270 2153 auctorem
1289 2088 1325 2152 in
1350 2087 1504 2171 proximis

376 2188 555 2270 palmarum
577 2190 837 2273 conparationem
862 2211 937 2260 cum
958 2190 1090 2257 athletis
1119 2190 1309 2274 explicatius
1330 2211 1502 2258 enarrasse.

376 2295 415 2360 In
436 2316 499 2380 quo
514 2296 626 2362 mirari
648 2296 735 2362 subit
752 2297 912 2364 neminem
927 2296 1140 2378 interpretum
1156 2296 1337 2366 adtendisse
1356 2297 1398 2362 ad
1413 2296 1501 2364 miri·

375 2401 469 2468 ficem
491 2403 636 2471 lectionis
659 2402 891 2483 diversitatem,
919 2423 984 2488 qua
1011 2403 1135 2470 cedices
1164 2409 1198 2470 et
1219 2405 1336 2469 vetusti
1357 2403 1433 2470 libm'
1451 2403 1501 2467 in-

376 2507 478 2591 pressi
490 2506 576 2574 inter
590 2529 624 2575 se
640 2513 798 2593 pugnant,
815 2528 950 2592 quorum
963 2506 1033 2587 alii,
1054 2508 1111 2592 qui
1126 2507 1168 2574 ad
1182 2506 1279 2576 fidem
1293 2509 1504 2592 suspectiores

375 2613 477 2682 videri
503 2621 649 2699 possunt,
681 2614 762 2683 dant
791 2609 876 2682 ἀλλὰ
897 2612 956 2701 τὴν
978 2616 1107 2702 τροφὴν
1134 2609 1280 2704 ὥσπερ
1314 2607 1505 2700 άθλησιν

377 2719 456 2811 περὶ
477 2721 516 2787 τὸ
539 2724 636 2807 σῶμα
657 2725 714 2808 τῆς
736 2715 893 2800 εὐταξίας
911 2720 975 2807 (vel
993 2713 1147 2804 ἀταξίας)
1164 2713 1417 2807 ἀναλισκούσης,
1439 2720 1503 2798 alii,

375 2828 412 2889 ut
426 2821 694 2903 vindobonensis,
713 2827 877 2906 praestant
892 2816 978 2887 ἀλλὰ
991 2820 1051 2908 τὴν
1066 2820 1194 2908 τροφὴν
1216 2820 1355 2911 ὥςπερ
1376 2820 1504 2908 ἀθλη-

376 2929 451 2994 τοῦ
471 2929 539 2993 κτλ.
577 2928 629 2993 Ad
642 2929 722 2994 haec
743 2927 856 3012 siquis
879 2927 1034 2993 memoria
1049 2931 1188 3008 repetat,
1209 2948 1293 3012 quae
1314 2947 1411 3011 supra
1431 2948 1502 3014 pag.

377 3033 418 3096 43
430 3029 516 3096 dicte
530 3035 604 3095 sunt
618 3029 657 3095 de
673 3031 845 3112 inportuno
860 3026 999 3114 quodam
1022 3027 1058 3092 in
1076 3027 1127 3093 his
1139 3027 1232 3094 libris
1250 3028 1502 3112 corruptelarum

376 3153 505 3218 genere,
524 3155 587 3219 quo
605 3133 743 3200 dissecta
756 3133 891 3198 duarum
903 3131 1075 3197 lectionum
1095 3133 1240 3200 membra
1260 3133 1295 3198 in
1311 3155 1409 3199 unum
1429 3155 1500 3200 coa·

376 3234 496 3302 luerint
510 3257 637 3321 corpus,
658 3237 686 3304 is
700 3237 754 3302 vix
769 3236 931 3303 dubitabit
945 3236 1024 3321 quin
1034 3237 1141 3319 ipsum
1154 3237 1215 3304 hoc
1229 3238 1381 3304 accidisse
1393 3238 1501 3304 videa-

375 3342 479 3408 turin
500 3348 609 3409 nostro
627 3343 707 3408 Ιοοο.
741 3341 873 3408 Accedit
893 3342 958 3408 alia
977 3343 1124 3425 ampitio,
1146 3343 1186 3409 de
1206 3365 1270 3428 qua
1284 3364 1358 3410 mox
1371 3345 1502 3410 minime

377 3446 473 3514 dubio
494 3448 638 3530 exemplo
654 3447 837 3514 adcuratius
854 3447 1054 3531 expositunrs
1069 3469 1147 3514 sum.
1181 3447 1260 3514 Cum
1280 3449 1366 3516 enim
1387 3471 1503 3533 parum

376 3554 514 3637 placeat,
537 3554 714 3621 sententiae
729 3555 843 3620 seriem
864 3575 945 3620 nove
966 3554 1107 3621 subiecto
1128 3555 1249 3633 donari,
1270 3577 1342 3621 cum
1356 3576 1499 3638 praeser-

375 3657 443 3738 tim,
463 3658 577 3743 eiquis
590 3657 748 3740 receperit
765 3653 880 3747 ὥσπερ
900 3651 1060 3744 άθλητοῦ,
1073 3658 1336 3741 perincommode,
1357 3682 1397 3726 ne
1412 3661 1504 3729 hiatu

375 3763 506 3848 quidem
532 3763 686 3830 suadente
715 3763 1047 3848 transpositionem*),
1075 3765 1210 3830 traiecta
1236 3765 1338 3831 videri
1365 3765 1504 3831 debeant

376 3869 481 3950 verba,
502 3871 556 3940 vix
574 3869 707 3940 dubium
722 3869 866 3948 babetur,
890 3869 969 3954 quin
989 3870 1168 3937 scribarum
1187 3870 1364 3940 liberalitas
1379 3870 1414 3937 in
1429 3892 1501 3955 gra·

377 3972 457 4040 tiam
477 3973 622 4040 vocabuli
649 3973 869 4056 praecedentis
897 3973 1061 4056 participii
1084 3968 1328 4060 άναλισκούσνς
1348 3979 1381 4040 et
1402 3995 1502 4058 genus

376 4083 410 4145 et
431 4099 539 4145 casum
566 4078 799 4145 adulteraverit.
854 4078 913 4143 Hie
944 4079 1095 4162 expositis
1124 4083 1272 4162 prompta
1298 4078 1361 4144 erit
1388 4099 1502 4144 causae

377 4182 571 4250 diiudicatio.
617 4183 717 4250 Credo
740 4184 825 4249 enim
846 4187 950 4248 totum
968 4184 1073 4250 locum
1091 4184 1185 4270 longe
1207 4183 1337 4267 propius
1355 4183 1397 4250 ad
1414 4183 1500 4248 codi-

376 4307 448 4352 cum
470 4287 655 4363 memoriam
685 4287 786 4358 etad
814 4286 1007 4358 sententiam
1035 4287 1199 4373 aliquanto
1228 4287 1347 4359 rectius
1368 4287 1502 4359 sistere

377 4439 584 4462 mm

443 4505 472 4570 *)
491 4507 547 4572 Qua
564 4507 598 4558 ds
616 4521 644 4558 re
665 4506 733 4559 loeis
752 4505 852 4572 aliquot
870 4505 998 4560 conlectis
1016 4510 1078 4572 post
1095 4503 1216 4559 carolum
1235 4504 1364 4561 Siutnim
1378 4507 1413 4558 de
1429 4505 1504 4559 biatu

378 4608 405 4662 p.
419 4593 469 4645 327
487 4607 526 4659 sq.
547 4591 585 4660 (t)
604 4592 757 4646 adnotatum
775 4597 816 4646 est
833 4607 849 4644 a
866 4607 910 4646 me
927 4595 956 4645 in
977 4593 1081 4657 Queat
1102 4593 1170 4649 Plut
1188 4593 1223 4647 ΙΙΙ
1241 4610 1267 4661 p.
1289 4594 1330 4652 13,
