3534 5392
743 491 954 554 -73-

270 647 330 715 τὸν
353 648 568 738 Αἰγύπτιον,
600 653 725 743 σοφίας
756 652 803 732 εἷς
825 646 927 744 ίίκρον
949 649 1135 740 ἐληλακόια
1160 645 1280 740 dedeo,
1304 648 1410 719 εἰπεῖν

269 747 325 816 ὅτι
348 749 521 838 γάλακτος
541 749 635 822 detor
657 749 675 822 ὁ
697 752 899 842 γευσάμενος
922 748 1040 842 ἀλφῶν
1062 747 1330 835 ὑποπίμπλαται
1352 751 1408 818 καί

268 856 410 946 λέπρας
420 877 433 896 ··
450 862 586 938 μισοῦσι
607 861 643 928 δὲ
666 852 732 949 deo
756 857 787 926 ci
806 854 957 925 Ἀσιανοὶ
979 855 1102 936 πάντες
1124 853 1205 923 τάδε
1228 857 1270 922 τὰ
1294 853 1407 943 πάθη.

267 961 308 1026 In
330 966 482 1046 proxime
502 966 707 1050 sequentibus
725 966 820 1032 hodie
846 965 1019 1030 consultius
1036 963 1118 1030 mihi
1138 963 1280 1030 facturus
1300 963 1409 1030 videor

269 1068 298 1131 si
326 1071 534 1153 acquiescam
554 1073 589 1136 in
609 1072 753 1138 codicum
773 1071 925 1149 lectione,
954 1092 1050 1154 quam
1071 1070 1100 1136 si
1120 1069 1224 1134 denuo
1249 1088 1405 1135 commen·

269 1169 363 1248 dem,
394 1173 480 1257 quod
508 1175 585 1240 olim
614 1175 808 1242 conieceram
837 1175 872 1238 in
894 1175 1020 1252 Quaest.
1042 1173 1122 1238 Plut.
1145 1172 1178 1239 II
1204 1194 1234 1256 p.
1257 1175 1325 1239 24*
1355 1169 1409 1239 ὅτι

268 1265 460 1350 μάλισθ>
482 1271 514 1340 οἱ
535 1270 704 1363 βάρβαροι
725 1279 798 1360 τῆς
827 1271 1019 1350 ἐπιλευκίας
1048 1272 1105 1340 καί
1126 1273 1255 1362 λέπρας
1285 1275 1400 1354 ἄνσχε-

266 1369 434 1458 ραίνουσι
469 1372 678 1464 προσβολήν,
717 1377 750 1442 in
778 1376 895 1460 quibus
922 1379 1050 1458 praeter
1085 1375 1149 1441 alia
1179 1397 1261 1458 quae
1288 1376 1409 1442 intacta

266 1479 459 1563 relinquere
488 1479 660 1547 debueram
687 1482 782 1565 paulo
810 1483 903 1548 citius
931 1486 1017 1547 certe
1043 1503 1065 1546 a
1091 1503 1142 1546 me
1169 1481 1281 1546 elisum
1309 1478 1408 1546 esto

265 1586 302 1650 in
326 1586 482 1670 μάλιστα
506 1585 548 1655 οἱ.
594 1589 752 1654 Nimirum
772 1593 846 1656 ante
867 1588 1098 1673 Lahmeyerum
1119 1586 1172 1674 (de
1193 1588 1321 1672 malign.
1341 1588 1404 1654 He·

267 1692 384 1758 rodoti
406 1715 437 1775 Ρ.
451 1695 505 1780 86)
527 1717 630 1779 neque
652 1696 708 1762 abs
730 1717 781 1760 me
801 1695 862 1760 fuit
882 1693 1142 1771 animadversum,
1164 1716 1268 1778 neque
1288 1695 1403 1760 aBen·

268 1801 388 1879 selenc,
410 1823 513 1886 neque
534 1825 554 1868 a
573 1799 712 1882 Simoni,
735 1804 789 1886 qui
811 1803 932 1885 primus
954 1802 1095 1868 saniores
1117 1804 1180 1866 τῶν
1203 1800 1404 1887 φωνηέντων

270 1901 511 1992 συγκρούσεως
531 1903 616 1987 apud
635 1905 839 1976 Plutarchum
861 1903 1021 1969 scribebat
1037 1903 1139 1986 leges,
1161 1921 1263 1985 neque
1275 1924 1307 1966 a
1327 1922 1402 1984 quo·

267 2026 372 2088 quam
398 2007 474 2086 alio,
502 1999 726 2092 adspirationem
755 2011 793 2072 cd
812 2011 945 2073 λακονικι
971 2012 1087 2072 hiatum
1108 2009 1189 2090 apud
1209 2010 1403 2071 Plutarchum

273 2109 376 2171 videri
392 2109 534 2189 sufficere.
560 2108 689 2176 Etenim
705 2129 801 2192 quam
819 2109 915 2174 aliam
930 2129 1056 2173 causam
1071 2106 1211 2172 dicemus
1227 2128 1302 2184 csse,
1321 2105 1406 2189 quod

267 2207 349 2274 libri
369 2210 578 2294 manuscripti
591 2216 717 2278 tantum
737 2232 801 2276 non
815 2211 932 2295 ubique
954 2215 1029 2276 ants
1045 2209 1185 2276 vocalem
1207 2208 1403 2292 adspiratam

270 2312 311 2378 δέ
334 2315 535 2396 potissimum
557 2315 732 2398 particulae
753 2316 880 2399 plenam
901 2314 1114 2381 concesserint
1135 2313 1282 2391 vocalem,
1303 2313 1401 2379 veluti

268 2421 307 2480 ut
330 2417 384 2482 his
407 2423 480 2483 utar
502 2418 702 2484 catervatim:
734 2419 770 2484 ds*
791 2412 824 2498 ὁ,
850 2418 887 2485 δὲ
910 2418 958 2498 οὶ,
983 2417 1019 2484 δὲ
1041 2412 1076 2504 ἡ,
1098 2418 1135 2484 δὲ
1158 2413 1254 2496 ὅταν,
1279 2416 1316 2482 δὲ
1340 2413 1403 2497 ὅτι,

269 2519 308 2586 δὲ
332 2518 398 2600 ὡς,
423 2521 459 2587 δὲ
483 2519 589 2600 οὕτως
597 2573 605 2602 ,
631 2522 667 2588 δὲ
688 2519 818 2609 ὥσπερ,
841 2523 877 2590 δὲ
899 2516 985 2600 ὑπό,
1011 2521 1048 2588 δὲ
1067 2516 1168 2608 ὑπέρ,
1190 2521 1227 2586 δὲ
1247 2519 1346 2601 ὅλαις,
1367 2523 1405 2589 δὲ

267 2620 375 2711 ἡμῶν,
401 2626 437 2692 dd
458 2623 586 2708 ἱκανῶς,
609 2627 645 2694 δὲ
668 2629 822 2705 ἕκαστον,
847 2628 884 2693 δὲ
906 2623 996 2712 ἡδύν,
1020 2626 1057 2693 δὲ
1079 2622 1161 2713 ἁφή,
1183 2627 1219 2692 δὲ
1244 2625 1337 2705 ἅλας,
1364 2628 1401 2694 δὲ

268 2724 386 2828 ὑπῄει,
413 2731 449 2798 dd
472 2729 607 2815 ὅμοιον,
633 2732 670 2798 δὲ
692 2730 847 2821 ὕστερον,
877 2726 955 2797 οὐδὲ
984 2725 1020 2810 ὁ,
1044 2727 1121 2797 οὐδὲ
1151 2723 1186 2816 ἦ,
1213 2724 1290 2796 οὐδὲ
1311 2728 1403 2796 iord-

270 2859 385 2922 ρηιαι,
403 2829 480 2901 οὐδὲ
495 2832 634 2923 αἱρετόν,
652 2830 728 2900 οὐδὲ
743 2833 837 2914 ὅλως,
853 2835 938 2921 μηδὲ
953 2833 1123 2921 ἅψασθαι,
1135 2835 1185 2900 vel
1201 2859 1233 2898 ιι·
1249 2835 1403 2900 intactam

268 2940 463 3023 reliquerint
482 2941 516 3004 in
535 2940 586 3004 his
609 2933 684 3005 οἶίισ
708 2933 803 3024 ἡμᾶς,
826 2932 902 3030 οὔτε
924 2933 988 3019 ὥς,
1010 2938 1093 3028 μήτε
1116 2933 1237 3028 ἡλικίᾳ,
1261 2936 1347 3006 (ὅσοι
1372 2933 1401 3019 d,

269 3037 358 3107 dicre
376 3032 435 3120 οἷς,
457 3038 543 3107 ὥστε
563 3031 675 3128 ἧσσον,
699 3038 785 3106 ὥστε
807 3039 849 3118 t'v,
873 3040 958 3124 quod
973 3062 1068 3123 porro
1079 3043 1303 3123 composuerint
1325 3033 1394 3105 οὔτ’

272 3141 466 3230 αἰσθήσεως
482 3139 557 3210 elica
570 3139 673 3234 ὁρμῆς
684 3143 790 3230 Symp.
800 3164 830 3226 Ρ.
840 3147 932 3222 essa,
947 3137 1014 3208 οὔτ’
1028 3140 1131 3208 αἰτεῖν
1145 3136 1220 3208 elice
1233 3140 1319 3219 ὅλως
1334 3168 1401 3208 πα-

272 3248 432 3334 (ιακαλεῖν
448 3270 477 3332 p.
489 3252 551 3316 708
560 3249 589 3328 b,
607 3242 682 3314 οὔτε
699 3245 820 3324 λίὸοπος
837 3239 904 3312 οὔτ’
922 3241 1025 3311 ditos
1044 3267 1074 3329 p.
1088 3251 1149 3313 696
1159 3246 1188 3324 d,
1205 3240 1271 3311 οὔτ’
1287 3240 1404 3324 ἀλκαῖς

275 3344 353 3416 ota
378 3346 564 3434 ὑπομοναῖς
588 3346 664 3418 οὔτε
688 3346 801 3440 ἡλικία
822 3351 936 3416 Auton.
961 3356 1010 3418 43.
1034 3355 1067 3416 et
1089 3371 1169 3434 quae
1192 3355 1266 3415 sunt
1286 3351 1403 3416 similia

273 3457 414 3537 plurima
440 3457 490 3523 vel
520 3458 659 3525 eiusdem
688 3465 744 3525 aut
770 3464 855 3526 certe
885 3457 1056 3542 propinqui
1096 3458 1221 3543 generis
1248 3457 1400 3539 exempla,

200 3624 209 3638 ,
272 3582 345 3626 cum
366 3563 524 3628 constanti
545 3563 611 3630 tera
634 3569 745 3630 contra
764 3586 824 3630 usu
845 3565 1006 3632 dederint:
1038 3558 1067 3628 ιλὶ
1091 3562 1142 3643 ἐν,
1164 3557 1192 3650 δ’
1217 3561 1268 3642 ἐξ,
1293 3557 1322 3627 d'
1343 3559 1400 3642 εἰς,

273 3659 304 3728 d'
330 3660 385 3744 cd,
409 3660 438 3731 δ’
462 3658 510 3750 dv,
539 3662 567 3732 d’
594 3662 679 3748 ἀπό,
710 3663 739 3734 d'
763 3663 853 3748 ἀντί,
885 3663 915 3734 d'
935 3662 1054 3749 ditos,
1087 3665 1116 3734 δ’
1140 3664 1257 3749 αὐτῶν,
1281 3665 1310 3736 d'
1333 3661 1400 3751 οὖν,

273 3766 303 3833 d’
322 3766 396 3849 οἴει,
422 3764 491 3837 ots'
515 3765 667 3859 ἀκρίτως,
692 3768 761 3838 odd'
784 3773 987 3862 ἐλευθέριον,
1010 3771 1088 3860 μηὸθ
1112 3771 1236 3855 ἰχθύσι,
1261 3771 1337 3861 μηδ’
1355 3773 1399 3854 ἐν,

274 3866 301 3934 ι’
319 3863 370 3952 αὖ,
395 3867 422 3938 ι’
441 3865 529 3954 ὄντα,
554 3869 581 3938 τ’
599 3867 665 3954 οὖν,
691 3868 759 3942 οὔτ’
782 3871 1054 3962 desideratio&
1077 3872 1137 3943 οὐκ
1159 3883 1227 3957 etc,
1246 3880 1296 3945 vel
1316 3880 1401 3963 quod

275 3964 462 4044 {eliserat
482 3979 517 4043 in
537 3980 587 4044 his
611 3972 668 4044 εἶτ’
690 3977 763 4061 ἐπί,
786 3974 842 4047 εἶπ’
867 3975 950 4071 dina,
975 3974 1033 4047 εἷο)
1056 3975 1317 4065 ὀνειδιζόμενος,
1342 3976 1400 4050 εἶν’

274 4078 400 4162 αἰτίαν,
424 4076 513 4148 ταῦτ’
536 4079 705 4165 εἰπόνιος,
733 4107 926 4170 quamquam
953 4108 983 4170 p.
1007 4092 1102 4152 esta
1126 4086 1271 4171 volgatur
1296 4091 1400 4152 ταῦτα

273 4182 442 4266 εἰπόντος,
472 4180 544 4252 ἀλλ’
568 4181 654 4268 ἀπό,
684 4182 755 4254 ἀλλ’
786 4182 869 4255 dccc
892 4196 965 4269 eto,
983 4191 1176 4256 retinuerint
1200 4191 1236 4255 in
1260 4183 1331 4255 εἶτα
1356 4188 1398 4270 ολ,

274 4283 344 4354 cira
366 4289 454 4369 ὅταν,
475 4283 545 4356 εἶτα
564 4281 629 4379 ἧκε,
654 4298 755 4358 ταῦτα
779 4293 984 4384 ἱσιοοοῦνια,
1009 4291 1095 4360 ἀλλὰ
1114 4287 1181 4362 εἷλε
1196 4298 1334 4363 Demetr.
1350 4303 1399 4374 40,

275 4384 340 4481 ἆρα
368 4388 444 4480 ἡμῖν
466 4395 543 4460 Mor.
572 4417 602 4478 p.
629 4405 731 4476 tila,
751 4392 868 4463 doctior
900 4394 919 4462 d
950 4421 979 4481 p.
1002 4405 1108 4478 7420,
1132 4392 1203 4466 εἶτα
1234 4395 1397 4478 ὑπειπών,

274 4491 358 4564 ἀλλὰ
372 4491 428 4579 εἷς,
453 4494 538 4566 ἀλλὰ
552 4495 581 4587 ἦ,
604 4495 689 4568 ἀλλὰ
700 4497 728 4581 ὁ,
753 4496 838 4568 ἄλλα
862 4499 993 4591 ἑτέραις
1004 4525 1035 4586 Ρ.
1047 4507 1108 4570 718
1118 4527 1138 4568 a
1159 4504 1251 4589 (conl.
1264 4524 1295 4584 p,
1307 4502 1398 4569 686b

273 4598 328 4664 ubi
341 4605 451 4666 conus
469 4600 611 4686 regulam
632 4601 781 4668 scribitur
804 4594 874 4666 ἀλλ’
893 4598 1006 4690 ἕτερον
1027 4597 1086 4667 οὐκ
1102 4596 1264 4686 ἔλαττον),
1289 4595 1398 4667 πάντα
