3534 5392
798 439 1013 506 ..12-

343 603 489 684 Μνεῖαις
509 607 644 674 relatam
665 609 715 687 sit
734 624 928 694 magnopere
947 605 1119 674 verendum
1140 607 1195 680 est,
1217 623 1257 668 ne
1282 597 1375 683 quale
1397 617 1465 663 esse

342 708 441 792 possit
461 731 576 776 nomen
597 711 659 778 loci
687 713 723 776 in
743 718 909 780 aeternum
930 711 1043 786 lateat,
1076 707 1138 772 nisi
1164 727 1238 772 casu
1259 701 1396 788 quodam
1416 699 1466 765 vel

341 814 428 878 tituli
449 815 582 880 alicuius
611 815 729 882 indicio
751 839 768 882 e
789 817 921 882 latebris
950 816 1147 896 protractum
1169 809 1273 874 fuerit
1318 804 1398 881 Nec,
1422 803 1462 867 si-

341 919 412 1001 quis
439 917 521 984 iorte
551 920 630 986 haec
659 924 769 1003 utpote
800 942 821 985 a
849 919 915 985 solo
946 915 1115 984 Plutarcho
1145 912 1265 979 tradita
1295 913 1464 993 suspectat,

343 1017 458 1083 desunt
481 1021 625 1102 exempla
658 1022 794 1086 aliorum
820 1022 1024 1103 scriptorum,
1054 1017 1229 1102 peculiaria
1250 1015 1407 1099 quaedam
1427 1012 1467 1078 de

344 1123 506 1190 Musarum
526 1147 657 1193 numero
678 1149 849 1211 earumque
879 1126 982 1193 officio
1012 1127 1189 1191 commenta
1217 1118 1467 1208 memorantium.

344 1225 403 1306 Ita
421 1234 458 1293 ut
475 1228 536 1294 hoc
557 1235 636 1309 utar,
657 1232 751 1296 unius
773 1231 921 1310 Cornuti,
949 1253 1044 1315 quem
1064 1247 1141 1296 11111
1163 1233 1198 1293 11
1217 1226 1296 1292 alias
1318 1223 1467 1290 novitatis

345 1336 482 1418 speciem
502 1342 645 1419 captasse
666 1339 855 1422 reperimus,
877 1339 992 1404 nititur
1013 1335 1209 1412 testimonie,
1241 1333 1319 1398 duas
1344 1334 1468 1396 tantum

345 1441 430 1522 apud
452 1440 605 1524 quosdam
625 1444 761 1508 inveniri
779 1443 900 1520 Musas,
930 1443 1044 1526 quibus
1070 1462 1091 1504 a
1120 1435 1347 1504 considerando
1369 1431 1469 1500 effici-

345 1542 489 1627 endoque
515 1545 656 1612 Theoria'
679 1551 711 1612 et
731 1546 842 1611 Prasia
868 1547 998 1611 nentina
1019 1543 1122 1608 indita
1143 1542 1270 1608 suerint.
1314 1539 1467 1620 Itemque,

345 1648 383 1707 ut
402 1645 437 1708 in
458 1645 628 1711 Plutarcho
660 1669 711 1714 me
741 1649 934 1724 contineam,
964 1645 1049 1730 quod
1070 1645 1167 1710 trium
1188 1643 1350 1708 Musarum
1374 1660 1470 1704 unam

347 1748 432 1830 apud
453 1748 614 1833 Sicyonios
633 1750 733 1816 reiert
748 1751 942 1834 adpellatam
954 1771 1021 1815 esse
1036 1747 1279 1833 Polymathiam,
1302 1742 1387 1809 haud
1406 1741 1470 1806 scio

348 1874 390 1919 an
404 1854 493 1918 nulla
505 1854 588 1919 alius
600 1850 764 1937 scriptoris
781 1855 947 1921 adiuvetur
968 1853 1038 1920 fide.
1083 1853 1127 1916 Ac
1147 1849 1295 1916 similiter
1311 1846 1468 1914 desidera·

346 1967 400 2026 tur
421 1962 526 2028 adhuc
546 1963 700 2028 indicium
721 1965 802 2030 alius
821 1967 967 2040 auctoris,
986 1983 1048 2046 quo
1068 1961 1137 2026 iure
1158 1955 1345 2024 Plutarchus
1365 1955 1472 2020 Musas

347 2063 465 2144 Meteri,
487 2066 609 2143 Mosen,
631 2067 780 2150 Hypaton
809 2066 981 2148 aDelphis
1009 2064 1051 2130 ad
1077 2068 1142 2128 tres
1172 2061 1323 2144 sphaeras
1350 2057 1468 2142 signifi-

350 2167 467 2232 candas
487 2167 661 2233 translatas
689 2189 756 2234 esse
778 2189 842 2232 non
871 2169 940 2232 sine
961 2165 1164 2231 obscuritatis
1184 2161 1322 2247 quadam
1344 2161 1469 2226 affecta·

349 2272 436 2340 tioue
457 2269 643 2351 tradiderit;
665 2270 750 2354 quod
772 2292 835 2354 quo
849 2276 992 2354 tompore
1005 2291 1065 2344 usu
1080 2269 1201 2335 venerit
1217 2286 1360 2350 quaeque
1375 2264 1474 2328 trium

350 2370 466 2436 hurum
487 2370 649 2436 Musarum
669 2371 788 2436 fuerint
815 2372 956 2449 nomina,
988 2393 1052 2436 non
1080 2370 1181 2454 magis
1203 2371 1398 2450 compertum
1419 2367 1474 2440 est,

349 2498 445 2560 quam
465 2476 551 2560 quod
571 2476 657 2544 idem
680 2478 765 2542 solus
779 2478 974 2556 Plutarchus,
995 2499 1053 2560 pro
1072 2477 1175 2542 tribus
1196 2473 1373 2556 disciplinis
1394 2470 1470 2536 libe·

349 2578 472 2644 ralibus
509 2578 743 2661 philosophiae,
780 2579 952 2656 oratoriae,
980 2578 1174 2653 matheseos,
1203 2574 1378 2656 antiquitus
1408 2576 1473 2634 tres

352 2677 459 2742 Musas
478 2677 665 2743 substitutas
686 2677 781 2744 fuisse
803 2673 901 2758 dixit,
925 2701 1007 2762 quae
1036 2699 1145 2744 recens
1175 2675 1250 2742 ficta
1274 2675 1470 2739 1111111111-
1587 2737 1590 2740 .

351 2781 419 2841 tere
435 2776 573 2859 quadam
593 2777 680 2842 fama
691 2778 828 2858 ‚prodita
849 2800 913 2844 non
934 2778 1027 2844 facile
1050 2769 1217 2862 quisquam
1236 2798 1295 2859 pro
1315 2779 1475 2858 comperto

353 2881 478 2946 dixerit.
521 2882 589 2959 Quo
610 2883 712 2966 magis
734 2882 866 2948 inducor
887 2883 928 2948 ad
948 2880 1147 2960 credendum,
1168 2881 1308 2966 singulas
1322 2879 1474 2946 Graeciae

352 2987 463 3064 urbes,
485 2992 522 3051 ut
549 2985 589 3051 de
613 2987 685 3050 aliis
717 2987 778 3052 diis
806 2987 1001 3071 deabusque,
1028 2988 1075 3052 ita
1104 2986 1144 3052 de
1174 2987 1273 3051 Musis
1300 2984 1476 3068 peculiares

354 3089 508 3172 quasdam
519 3110 558 3154 ac
571 3090 719 3172 proprias
735 3112 807 3157 suas
819 3092 968 3158 habuisse
983 3093 1127 3158 notiones
1143 3090 1291 3176 (Creuzer
1311 3088 1415 3174 Symb.
1425 3086 1475 3152 Ill

355 3212 385 3273 p.
407 3193 491 3276 295).
533 3192 608 3258 Alia
627 3193 763 3258 aliorum
782 3195 971 3276 peculiaria,
992 3199 1029 3260 ut
1050 3194 1091 3260 ad
1112 3215 1180 3260 rem
1198 3197 1402 3275 praesentem
1419 3213 1472 3274 pa-

353 3321 425 3362 rum
440 3299 625 3377 necessaria
646 3300 748 3366 sciens
770 3301 883 3365 omitto
905 3301 945 3367 ob
967 3301 1139 3368 sublestam
1152 3305 1316 3365 auctorum
1333 3297 1475 3382 fidem*⁷).

352 3405 442 3482 Quae
466 3425 538 3468 cum
556 3405 604 3468 ita
624 3405 700 3481 sint,
722 3405 748 3468 si
770 3406 923 3487 sapimus,
945 3404 1103 3470 fateamur
1123 3425 1250 3469 necesse
1273 3408 1334 3480 est,
1356 3402 1477 3467 nescire

355 3526 413 3570 uos
440 3504 604 3570 Musarum
637 3527 721 3588 quae
748 3505 898 3570 dicuntur
928 3509 1055 3570 Μνεῖαι
1085 3505 1190 3582 sedes,
1229 3506 1317 3572 cilius
1349 3504 1478 3589 quidem

355 3609 554 3692 ignorantiae
581 3608 660 3672 illud
690 3609 904 3693 gratissimum
934 3609 995 3674 erit
1023 3610 1187 3688 solacium,
1219 3611 1324 3694 ipsum
1344 3611 1478 3676 fortasse

357 3711 569 3789 Plutarchum,
588 3713 731 3795 quamuis
746 3734 804 3778 sua
816 3734 911 3796 saepe
930 3735 970 3778 ex
984 3714 1112 3780 remotis
1134 3715 1388 3800 oblitteratisquc
1409 3716 1474 3780 fou-

356 3816 442 3882 tibus
464 3817 670 3897 haurientem,
691 3841 755 3884 non
776 3819 876 3884 multo
897 3819 989 3885 nobis
1011 3819 1044 3884 in
1069 3820 1119 3886 his
1140 3820 1235 3887 rebus
1257 3821 1351 3887 fuisse
1374 3821 1476 3887 erudi-

357 3923 472 3988 tiorem
491 3922 543 3987 vel
571 3924 747 4005 quemlibet
772 3945 870 3990 unum
892 3947 909 3990 e
931 3946 1025 4010 grege
1053 3947 1175 4004 eorum,
1204 3927 1259 4010 qui
1285 3927 1338 3992 hic
1365 3947 1480 3992 nomen

293 4027 296 4036 ⁴
356 4024 417 4088 loci
449 4023 618 4089 undeimde
650 4027 807 4092 extricare
836 4031 1079 4110 temptaverunt.
1138 4029 1243 4107 Quare
1272 4052 1311 4096 ne
1344 4030 1477 4114 Amyoto

428 4295 454 4355 *i
474 4297 604 4348 Adcurate
622 4297 656 4348 de
675 4297 717 4350 bis
737 4298 920 4364 similibusque
938 4298 1189 4369 Mytbographorum
1214 4299 1247 4351 de
1271 4299 1402 4352 Musarum
1422 4300 1478 4350 oili·

357 4387 406 4437 ciis
426 4399 568 4450 earumque
593 4401 701 4438 numero
727 4387 850 4440 disseruit
867 4389 992 4440 Petersen
1016 4387 1067 4447 (Fr.
1088 4386 1171 4453 Chr),
1201 4389 1234 4438 de
1254 4387 1388 4442 Musarum
1410 4388 1479 4454 apud

358 4474 473 4526 Graecos
492 4474 605 4538 origine,
625 4489 733 4526 numero
753 4477 958 4542 nominibusque
982 4475 1114 4540 (Mdnter,
1138 4475 1306 4530 Miscellanes
1328 4477 1482 4527 Hatriensis

358 4560 546 4623 11186111.)
646 4580 651 4589 ’
