3534 5392
798 423 1100 562 po-

441 665 585 750 pluribus
605 655 736 730 anobis
756 661 954 746 disputatum
977 668 1025 730 est
1045 664 1079 728 in
1101 663 1227 742 Queeet.
1247 663 1328 733 Plut.
1351 663 1397 730 IV
1417 684 1447 746 p.
1464 667 1492 741 5,
1513 662 1580 728 ad-

439 765 554 831 ieetira
578 765 735 828 nobilitet
761 764 899 826 inlustra
920 762 1053 828 notitiae
1084 763 1182 828 etiam
1207 763 1303 829 finisse
1333 763 1418 847 apud
1446 767 1580 828 veteres

440 868 583 946 nomino,
605 887 669 931 non
691 864 809 943 meriti,
831 869 868 930 ut
890 865 1030 931 breviter
1051 866 1107 932 sed
1129 865 1272 949 adposite
1295 867 1426 933 adrem
1446 867 1579 932 monuit

442 969 569 1037 Servius
589 969 624 1033 in
646 966 872 1034 commentario
894 967 928 1031 in
948 966 1043 1052 Verg.
1066 968 1144 1034 Aen.
1165 967 1220 1047 VI,
1242 971 1319 1048 758,
1349 969 1465 1034 citatus
1494 989 1514 1034 a
1538 969 1577 1035 L.

440 1077 519 1144 lano
537 1076 579 1143 at
593 1075 732 1141 Maron.
749 1060 873 1141 saturn.
891 1072 921 1153 Ι,
946 1080 992 1152 1o,
1015 1079 1061 1143 13.
1098 1075 1182 1140 uino
1204 1074 1323 1140 fastum
1344 1081 1393 1142 est
1411 1081 1447 1140 ut
1462 1075 1578 1140 ὀοννο

441 1186 475 1247 et
487 1183 625 1246 λολνελννε
639 1181 833 1262 usurpentur
854 1177 953 1243 etiam
974 1177 1014 1244 de
1035 1179 1233 1261 prostibulis,
1255 1185 1292 1244 nt
1308 1180 1575 1264 opponetur-fere
1618 1179 1624 1192 '

439 1290 640 1375 mlgivagum
674 1291 850 1354 seortomm
884 1307 998 1374 genus,
1031 1287 1297 1372 quemadmodum
1329 1288 1414 1373 apud
1446 1289 1576 1355 Livium

440 1391 594 1470 XXXIX,
619 1396 652 1469 9,
679 1389 822 1458 thebes
841 1396 969 1455 scotum
991 1393 1088 1455 noble
1146 1389 1299 1456 Similiter
1326 1390 1411 1476 apud
1432 1391 1576 1458 Graecos

441 1498 596 1585 λαμπρός
617 1500 715 1567 etiam
735 1500 771 1564 in
792 1498 911 1564 malem
932 1504 1058 1583 portem
1079 1497 1143 1587 diei
1166 1503 1300 1580 constat,
1323 1500 1404 1566 adeo
1427 1503 1464 1566 ut
1484 1501 1577 1584 apud

440 1597 659 1672 Philodemum
678 1602 718 1669 de
739 1604 856 1669 virtute
880 1609 913 1668 et
925 1602 1011 1668 vitiis
1026 1603 1111 1669 inter
1126 1603 1243 1670 misera
1264 1603 1403 1670 reliouee
1418 1605 1577 1672 orationis

440 1704 605 1789 naufragia
633 1704 728 1770 oleris
759 1703 876 1770 litteris
906 1705 1060 1787 seriptum
1088 1706 1153 1770 site
1184 1698 1231 1785 ὥς
1267 1703 1303 1772 αἱ
1333 1707 1578 1796 λαμπρόταται

463 1858 620 1876 ......
638 1810 777 1874 ποιοῦσι
802 1803 980 1888 πολλάκις,
1005 1809 1059 1876 ubi
1080 1810 1202 1876 nullum
1222 1811 1327 1894 aptius
1350 1811 1491 1896 supplem
1513 1835 1573 1898 po·

439 1913 502 1980 tuit
519 1912 707 1980 vocobulum
721 1933 817 1996 qnam
833 1908 949 1977 κακίαι
966 1912 1032 1995 (ofr.
1045 1912 1242 1981 Sohoemaun
1253 1914 1365 1998 Opuso.
1380 1915 1430 1980 III
1444 1937 1475 1999 p.
1484 1918 1573 2004 242),

441 2016 556 2103 quibus
577 2013 707 2082 eooedut
729 2012 919 2081 Heliodorus
935 2014 1082 2099 Aethiop.
1101 2016 1132 2094 I,
1156 2021 1208 2095 12,
1234 2017 1285 2082 oui
1307 2017 1433 2084 adulter
1452 2017 1573 2083 dieitur

441 2116 459 2186 d
478 2117 633 2208 λαμπρὸς
653 2120 713 2206 τῆς
735 2117 845 2183 πάντα
866 2117 1106 2206 σωφρονούσης
1122 2117 1298 2208 ἐρώμενος.
1327 2118 1498 2189 Praeterea
1517 2124 1573 2188 rix

441 2226 573 2313 dignum
594 2224 768 2302 mentione,
799 2223 953 2290 simillimi
976 2245 1050 2290 usus
1072 2227 1217 2310 exemplo
1243 2227 1278 2291 in
1300 2249 1374 2294 voce
1397 2233 1495 2294 ολοννε
1518 2251 1570 2296 oe·

441 2349 568 2396 omrere
583 2328 679 2394 etiam
695 2325 781 2410 apud
797 2327 942 2406 latinos,
964 2327 1231 2412 quemadmodum
1243 2351 1324 2414 quae
1343 2331 1428 2414 apud
1446 2332 1568 2399 Gioero-

440 2453 514 2499 nem
534 2431 569 2497 in
591 2428 680 2496 Verr.
703 2429 749 2510 11,
777 2437 807 2509 1,
833 2433 886 2509 18,
909 2436 950 2498 50
978 2431 1084 2514 posita
1108 2438 1183 2498 eunt
1209 2432 1250 2498 de
1278 2435 1473 2518 expilatione
1502 2437 1568 2504 faui

441 2537 586 2606 Iunonis:
608 2557 694 2621 quom
704 2537 835 2600 λνολνοεο
849 2536 961 2600 Samio
975 2537 1062 2619 fuit!
1083 2560 1168 2622 ονονο
1181 2542 1281 2606 acerba
1295 2546 1351 2606 toti
1359 2542 1469 2606 Arabe!
1482 2565 1570 2628 quam
1652 2625 1653 2628 Ἴ

440 2649 519 2712 olore
538 2646 619 2729 opud
638 2647 753 2717 omnes!
778 2663 843 2708 non
867 2648 1001 2726 possunt
1025 2643 1122 2710 uliam
1144 2639 1208 2710 vim
1235 2644 1355 2712 habere
1383 2648 1446 2713 nisi
1467 2651 1570 2732 turpis
1652 2629 1653 2704 l

439 2751 589 2818 infamiae
608 2747 702 2834 (eous.
728 2747 832 2814 Halm.
851 2747 894 2814 ad
919 2747 1010 2815 Verr.
1031 2749 1086 2828 IV,
1112 2753 1164 2829 12,
1187 2755 1238 2830 27,
1268 2751 1352 2818 Serv.
1375 2753 1470 2840 Verg.
1492 2755 1567 2822 Aen.

440 2854 512 2932 VII,
531 2853 617 2936 19*).
650 2851 876 2917 Removebitur
890 2851 1034 2933 prolecto
1050 2853 1096 2918 sio
1109 2873 1175 2920 une
1188 2854 1333 2934 offensio,
1353 2861 1455 2922 restat
1468 2859 1569 2926 altera
1652 2891 1653 2910 ν

440 2977 504 3024 non
525 2975 601 3020 sene
629 2951 741 3017 minor.
792 2950 973 3035 Sequuntur
999 2951 1147 3034 deinceps
1173 2959 1246 3035 post
1272 2949 1438 3021 εἱστίασεν
1461 2955 1495 3021 ἐν
1517 2960 1566 3044 τῷ

442 3059 522 3150 λερῷ
545 3058 676 3126 haeooe=
707 3051 819 3142 κλίνην
840 3049 1073 3144 ὖνεοοεορέσας
1094 3053 1151 3122 καὶ
1177 3054 1282 3139 μετὰ
1310 3056 1356 3120 τὸ
1388 3059 1565 3124 δεῖπνον

441 3159 608 3248 συνεῖρξεν
629 3151 676 3235 ὠς
698 3154 738 3244 δὴ
762 3156 836 3222 τοῦ
863 3157 973 3222 θεοῦ
995 3153 1165 3235 ἕξοντος
1187 3151 1297 3244 αῧεήν,
1321 3179 1403 3243 quse
1423 3159 1521 3226 verba
1541 3163 1569 3226 si

441 3267 547 3333 minus
567 3265 608 3332 ob
630 3260 835 3340 sententiam,
857 3267 944 3329 oerte
966 3263 1007 3328 ob
1029 3261 1264 3329 intolerabilem
1285 3263 1409 3330 hiatum
1429 3265 1470 3331 de
1490 3266 1568 3332 vitio

440 3378 585 3458 suspecte
606 3377 692 3448 suut,
714 3370 769 3454 qui
788 3368 946 3453 quomodo
966 3369 1133 3436 tolleretur
1153 3367 1293 3436 Sintenis
1313 3391 1342 3436 r.
1367 3371 1405 3436 ol
1427 3372 1569 3440 intinere

441 3475 665 3564 praetermisit
708 3473 756 3539 Ao
781 3473 908 3539 videtur
928 3473 1009 3539 mihi
1031 3474 1108 3540 sene
1128 3475 1297 3558 mysticum
1325 3475 1386 3541 hoo
1407 3477 1568 3542 silentium

442 3585 477 3648 in
498 3585 590 3647 tento
610 3578 801 3662 praesertim
827 3576 897 3642 viro
925 3576 1090 3661 aliquanto
1117 3578 1227 3644 utilius
1257 3599 1442 3666 essequam
1469 3583 1569 3649 nimia

440 3679 602 3750 Benseleri
631 3677 824 3754 liberalitas,
853 3677 909 3760 qui
940 3676 1091 3761 quoniam
1120 3678 1297 3760 probabilis
1327 3680 1507 3747 emendatio
1533 3682 1568 3746 in

440 3803 590 3869 praesens
609 3801 675 3846 non
695 3776 900 3863 suppetebat,
921 3783 1025 3843 totum
1044 3779 1236 3846 membrum:
1267 3773 1313 3856 ὥς
1335 3780 1377 3867 δὴ
1399 3783 1461 3846 τοῦ
1480 3783 1568 3848 θεοῦ

442 3882 576 3962 ἕξοντος
597 3874 699 3966 αὐτὴν
719 3876 996 3945 exterminandum
1017 3879 1182 3958 censebat,
1214 3884 1251 3944 ut
1278 3879 1319 3946 ab
1341 3880 1570 3964 interpolatore

440 3988 578 4072 tupiter
598 3984 761 4062 adsutum,
781 3982 970 4089 prussorum
985 4003 1057 4048 oum
1072 3984 1106 4048 in
1120 3983 1189 4048 loeo
1205 3983 1331 4068 gemino
1344 3984 1569 4063 Quaestionum

509 4204 538 4259 ‘l
549 4207 674 4262 luentem
684 4199 717 4263 εὖ
725 4209 760 4261 ‹le
772 4225 801 4261 re
809 4207 1168 4260 marcianensium
1180 4209 1207 4257 et
1215 4204 1374 4259 Sebtelerm
1387 4207 1567 4260 ndnemesrb.

437 4309 467 4365 p
476 4297 539 4362 218,
552 4299 689 4365 bntapud
698 4297 822 4366 Xenopb.
834 4297 919 4350 Amb.
931 4295 977 4361 Vl,
993 4299 1017 4360 λ,
1032 4297 1060 4346 1:
1076 4288 1236 4347 trinitrem
1245 4321 1280 4333 -
1292 4285 1324 4346 εὖ
1334 4291 1421 4364 μάλα.
1448 4295 1567 4349 Celerum

441 4385 538 4438 εοᾶειο
554 4387 807 4454 nodosarum
825 4386 965 4451 legebstur
981 4383 1045 4436 olim
1060 4379 1161 4432 Aeliani
1174 4381 1279 4444 rm.
1294 4383 1350 4448 (66)
1369 4385 1440 4450 epod
1459 4383 1567 4436 Sutrium

440 4493 463 4526 s.
474 4492 500 4528 v.
518 4473 709 4548 Ἀφροδίσιονε
730 4472 746 4530 ὅ
764 4475 796 4528 δὲ
815 4475 915 4541 διῆλθε
932 4474 972 4538 τᾷ
988 4463 1063 4540 λόγῳ
1084 4470 1237 4540 pampus
1253 4487 1281 4524 τε
1297 4472 1345 4522 καὶ
1362 4468 1416 4524 σὺν
1432 4469 1569 4544 ι’φροδλνῃ

441 4553 473 4619 εὖ
488 4557 567 4634 μα’λε
583 4567 710 4638 περιττῇ,
726 4563 774 4617 ubl
791 4563 841 4615 run
858 4580 892 4614 ευ
910 4559 996 4628 μαλε.
1025 4555 1078 4610 cb.
1098 4553 1226 4609 Sebastos
1241 4557 1278 4608 ed
1295 4557 1407 4626 Dionys.
1427 4559 1462 4612 de
1483 4574 1566 4626 comp.

439 4650 513 4704 verb
532 4665 560 4716 p.
579 4651 622 4704 ²⁶.
