3534 5392
712 444 928 508 -33-

257 595 330 686 μετ’
341 595 513 686 εὐσεβείας
522 602 744 686 κοιμωμένοις
755 602 933 672 κάλλιστον
941 599 1163 689 ἀποκείμενον
1172 604 1385 696 χαριστήριον

256 705 453 789 nescioquis
473 705 724 772 admirabundus
745 707 916 791 adscripsit
938 703 1016 774 ὁσία
1039 709 1096 776 καὶ
1113 703 1249 798 εὐσεβὴς
1269 703 1288 798 ἡ
1305 709 1382 778 ἐπί-

260 831 352 886 νοια,
376 828 457 892 quae
478 814 590 892 postea
616 814 690 875 sunt
718 811 753 875 in
781 817 905 877 textum
928 819 1081 896 suscepta
1131 811 1194 880 Sed
1215 815 1327 881 reiecit
1347 837 1386 882 oa

256 911 299 978 ad
313 915 490 998 marginem
511 915 641 998 elegans
648 915 841 983 Valckenari
857 917 1021 1002 ingenium
1037 911 1251 984 tese'cobeto
1268 918 1383 984 Mnem.

258 1019 339 1082 1859
351 1036 381 1099 p.
399 1021 470 1084 294.
505 1017 648 1104 itemque
664 1020 750 1102 apud
767 1021 911 1103 Xenoph.
925 1021 1039 1105 Ephes
1051 1021 1082 1100 Ι,
1106 1026 1144 1088 tu
1155 1043 1186 1105 p.
1198 1028 1273 1102 341,
1290 1028 1331 1090 24
1344 1022 1382 1088 Η.

261 1142 280 1186 e
301 1123 446 1208 margine
466 1130 628 1206 receptam
649 1147 717 1191 csse
739 1148 847 1194 vocem
868 1125 1066 1216 ἐπίγραμμα
1087 1127 1182 1210 plane
1211 1129 1290 1194 mihi
1310 1150 1381 1214 per·

252 1227 352 1292 suasit
372 1227 563 1297 Herchems.
607 1229 761 1296 Similiter
781 1231 861 1298 alins
889 1230 1057 1297 sciolorum
1079 1227 1213 1320 ὡραῖον,
1238 1226 1382 1315 ἀστεῖον,

254 1331 417 1421 χρήσιμον
426 1340 495 1414 etc,
510 1335 626 1420 quibus
645 1336 700 1420 qui
719 1335 843 1403 codices
859 1335 1051 1415 scribebant
1064 1334 1168 1402 locum
1186 1336 1384 1418 praeclarum

253 1435 354 1522 digito
368 1440 460 1524 quasi
473 1445 652 1505 monstrare
668 1446 868 1519 consuerant,
882 1441 922 1516 in
938 1441 1009 1523 ipsa
1024 1439 1186 1522 scriptoris
1203 1444 1302 1506 verbu
1316 1461 1383 1506 sese

252 1542 505 1622 insinuaverunt,
533 1544 709 1627 exquibus
741 1538 868 1632 ὡραῖον
889 1542 1064 1609 identidem
1091 1542 1133 1608 ad
1155 1564 1244 1609 oram
1266 1542 1382 1609 codicis

253 1648 507 1716 Vindobonensis
526 1648 690 1732 adpictum
709 1669 784 1726 esse,
804 1653 892 1714 certa
907 1648 1174 1715 memoria'teneo
1214 1646 1265 1711 Ita
1278 1647 1383 1712 scriba
1493 1699 1495 1704 ,

219 1835 223 1840 .
253 1753 395 1820 eiusdem
416 1755 533 1820 codicis
550 1755 687 1820 Palatini
708 1756 742 1820 in
766 1755 821 1820 vit.
836 1755 956 1820 Antoni
975 1777 999 1821 c.
1024 1760 1043 1821 9
1061 1754 1198 1839 margini
1214 1752 1381 1835 adscripsit

257 1853 383 1949 elperico
406 1858 494 1926 πάνυ
512 1856 550 1925 τά
569 1855 693 1948 χωρίον
715 1856 794 1926 ὅλον
814 1861 872 1926 καλ
893 1858 979 1949 πρὸς
1001 1852 1119 1948 ἀρετὴν
1141 1857 1382 1946 παροξυντικόν

254 1969 288 2030 et
309 1964 374 2030 alia
391 1963 474 2030 alias
495 1963 636 2029 eiusdem
657 1963 782 2046 generis
803 1962 955 2044 plurima,
987 1982 1068 2045 quae
1091 1960 1175 2026 unde
1206 1960 1380 2043 serpserint

252 2086 317 2132 non
337 2065 506 2133 obscurum
526 2065 620 2148 ουδ’).
645 2063 709 2130 Sed
730 2063 808 2148 quid
829 2063 923 2146 plura
943 2061 1059 2130 addam
1081 2084 1152 2127 cum
1172 2067 1327 2146 quantum
1347 2062 1381 2126 in

252 2171 304 2237 his
315 2171 518 2254 peccaverint
532 2169 776 2254 archetyporum
790 2168 921 2247 scribae,
938 2169 1123 2250 incorrupta
1135 2167 1248 2234 Galeni
1263 2166 1380 2232 oculati

252 2277 344 2362 quasi
370 2276 462 2343 tostis
481 2275 545 2342 fide
565 2275 600 2338 in
622 2279 788 2340 comment.
811 2272 852 2338 ad
873 2273 1025 2355 Hippocr.
1047 2269 1191 2354 Epidem.
1214 2269 1272 2334 ΙΙΙ.
1293 2269 1377 2336 Tum.

251 2381 360 2460 XVII,
385 2390 400 2449 1
424 2403 454 2464 p.
484 2386 547 2448 634
562 2380 600 2446 Κ.
623 2380 821 2457 stabiliatur,
852 2376 975 2444 laudati
994 2377 1058 2443 iem
1080 2398 1100 2442 a
1123 2374 1241 2444 Cobeto
1263 2375 1378 2442 Mnem.

254 2485 336 2553 1859
348 2505 380 2568 p.
389 2489 466 2551 435:
493 2482 595 2570 δῆλον
610 2478 664 2548 ὅτι
676 2481 973 2569 παρυγγέγραπααι
987 2482 1087 2544 τοῦτο
1105 2474 1191 2567 πρός
1202 2501 1301 2558 τινος,
1320 2475 1379 2560 οὐχ
1445 2491 1449 2501 ’

252 2582 311 2676 ὑφ’
332 2583 577 2676 Ἱπποκράτους
598 2579 699 2652 αὐτοῦ
721 2585 923 2671 γέγραπται·
946 2583 1029 2664 τάχα
1057 2581 1094 2648 δέ
1118 2607 1170 2660 τις
1197 2583 1254 2648 καὶ
1275 2607 1379 2674 προς-

252 2689 401 2779 έγραψυν
418 2684 526 2753 ἕνεκεν
540 2683 675 2764 ἑαυτοῦ,
694 2682 854 2771 καθάπερ
871 2678 1041 2767 εἰώθαμεν
1057 2677 1245 2770 ὑπόμνησιν
1260 2683 1294 2750 ἐν
1309 2689 1380 2763 τοῖς

251 2787 439 2873 μειωπίοις
461 2781 663 2853 τὰτοιαῦτα
687 2785 934 2875 προσγράφειν·
959 2779 1031 2852 εἶτά
1053 2811 1104 2866 τις
1127 2790 1191 2852 τῶν
1211 2812 1378 2878 μεταγρα-

253 2893 384 2983 φόντων
406 2893 539 2976 βιβλίον
565 2888 612 2971 ὠς
636 2887 740 2960 sicot
762 2895 824 2959 τοῦ
845 2892 1064 2981 συγγραφέως
1094 2887 1131 2960 ὃν
1160 2890 1209 2972 εἰς
1230 2893 1269 2961 τὸ
1292 2891 1379 2984 ὕφος

252 2994 334 3064 αὐτὸ
355 2997 602 3085 μετέθηκεν**).

337 3101 444 3167 Unum
464 3123 548 3166 nunc
566 3124 583 3166 e
599 3099 810 3186 Symposiacis
831 3098 1012 3182 exemplum
1027 3099 1157 3165 afferam
1178 3123 1218 3168 ex
1238 3102 1309 3168 libr.
1321 3103 1379 3182 III,

253 3213 281 3285 6,
299 3215 314 3272 1
329 3227 360 3288 p.
378 3211 472 3275 bibe.
516 3206 567 3271 lbi
590 3209 704 3286 (sermo
726 3212 775 3271 est
795 3204 836 3269 de
858 3225 895 3268 eo
918 3223 980 3286 quo
1001 3208 1143 3285 tempore
1166 3205 1322 3274 derebus
1338 3207 1380 3274 all

252 3326 321 3370 rem
342 3327 510 3371 veneream
531 3305 749 3387 spectantibus
768 3304 924 3369 disserere
945 3303 1069 3368 licitum
1089 3304 1144 3390 sit)
1169 3305 1248 3372 haec
1269 3308 1378 3393 legun-

253 3422 320 3476 tur:
345 3406 480 3487 κάλινος
502 3408 540 3475 δὲ
562 3409 783 3499 προκειμένης
803 3408 837 3474 ἒν
859 3405 1020 3496 συνήθεσι
1042 3403 1252 3498 καλφίλοις,
1276 3409 1380 3480 ἔνθα

320 3545 348 3614 *)
366 3547 468 3612 Eodem
485 3551 566 3602 modo
586 3559 723 3617 corruptus
743 3557 782 3603 cst
801 3550 940 3617 Antiphon.
960 3566 1001 3616 ap.
1021 3549 1095 3604 Stob.
1114 3551 1201 3605 Floril.
1215 3554 1258 3618 20,
1277 3553 1379 3607 440132

254 3630 328 3682 ἔστιν
341 3626 380 3682 ὅτι
400 3625 436 3683 riv
448 3629 625 3703 ὀργιζόμενος
641 3628 792 3707 άνδρωπος
810 3625 841 3688 εὖ
858 3639 952 3703 γνοίη·
970 3633 1036 3689 αὐτὸ
1048 3633 1102 3708 γάρ
1118 3631 1133 3688 ll
1146 3635 1305 3704 βουλεύεται
1322 3638 1391 3708 τῆν’

254 3713 400 3789 γνώμην
417 3720 577 3789 διαφθείρει
598 3724 646 3774 τοῦ
665 3719 834 3793 ἀνθρώπου,
858 3724 903 3774 ubi
925 3720 1022 3787 Cobet,
1047 3735 1204 3788 quamquam
1225 3725 1280 3777 vitii
1301 3741 1382 3778 causa

255 3817 308 3852 non
329 3810 478 3868 perspecta,
506 3799 622 3874 γνώμην
640 3806 832 3857 secludendum
853 3808 944 3858 suasit.
985 3805 1069 3857 Vides
1088 3807 1140 3857 iam
1159 3809 1229 3859 unde
1248 3814 1380 3877 serpserit.

322 3883 368 3954 **)
392 3887 468 3950 Quod
490 3889 575 3942 Cobet
599 3891 718 3941 ciusdem
745 3891 833 3942 (taleni
865 3908 930 3942 usus
957 3893 1107 3943 testimonio
1132 3895 1197 3944 scite
1220 3897 1378 3962 observavit,

255 3987 315 4024 cum
340 3971 406 4023 alios
431 3973 571 4038 scriptores
591 3982 647 4026 lum
669 3975 779 4026 Dionem
799 3975 1018 4047 chrysostomum
1045 3992 1124 4043 saepe
1150 3981 1175 4030 in
1203 3982 1317 4033 codicilli
1340 3985 1381 4036 sui

255 4061 419 4126 marginibus
438 4075 492 4110 reru
511 4062 622 4111 culidem
642 4062 783 4126 alicuique
802 4063 853 4114 aiio
866 4063 947 4113 modo
961 4063 1107 4126 formasse,
1125 4069 1219 4128 postca
1235 4079 1283 4130 per
1300 4068 1382 4118 otium

256 4148 286 4199 δα
303 4147 440 4218 δευτέρων
462 4145 622 4217 φροντίδων
645 4152 729 4196 utrum
748 4147 842 4198 mellus
864 4153 936 4200 esset
959 4147 1163 4214 diiudicaturos,
1189 4151 1259 4202 unde
1285 4152 1381 4204 luctum

254 4253 325 4300 esce,
346 4243 374 4289 ut
391 4237 494 4288 scribac
511 4242 651 4301 utrumque
668 4244 694 4287 cl
710 4238 782 4301 quod
800 4238 826 4288 in
844 4243 915 4289 textu
933 4244 958 4290 el
976 4239 1048 4302 quod
1067 4240 1093 4290 iu
1112 4255 1157 4290 ora
1172 4241 1231 4293 libri
1249 4249 1381 4295 exaratum
1409 4231 1412 4236 ’

253 4328 334 4386 creet,
346 4322 375 4372 in
386 4326 524 4373 contextus
535 4323 631 4372 seriem
644 4323 796 4388 reciperent,
815 4322 842 4372 id
856 4324 932 4373 etiarn
952 4324 1021 4389 apud
1032 4323 1199 4377 Plutarchum
1210 4343 1260 4379 usu
1277 4330 1383 4379 venisse

254 4425 277 4459 e.
296 4425 322 4474 g.
340 4409 367 4459 iu
388 4408 478 4477 Spmp,
498 4407 535 4473 ll,
556 4408 571 4456 9
589 4425 615 4474 p.
634 4410 704 4460 lille
726 4411 752 4460 in
775 4409 863 4462 verbis
888 4407 1049 4476 ἀποδηλοῦν
1074 4417 1154 4466 elatis
1173 4417 1210 4481 τῷ
1227 4418 1318 4484 λέγειν
1336 4418 1383 4467 καὶ

250 4493 372 4568 Ὅμηρος
394 4498 440 4549 ἐπὶ
459 4499 513 4548 τῶν
536 4491 684 4567 δερμάτων
706 4500 748 4549 καὶ
775 4499 831 4550 τῶν
847 4492 981 4565 ἱμάντων,
1008 4493 1046 4551 b'rr
1073 4505 1160 4570 φησίν
1184 4503 1240 4554 κτλ.
1266 4501 1335 4566 clio,
1362 4503 1386 4552 si

253 4592 360 4657 potero,
380 4587 441 4640 loco
459 4588 605 4642 ostendum.

1204 4677 1219 4728 3
