3534 5392
668 525 911 617 ,⁶25-

241 686 345 778 φίλει.
390 689 453 757 Sed
474 711 598 757 omnem
618 688 763 768 hancde
785 709 1030 774 synonymorum
1051 687 1136 770 apud
1157 685 1363 752 Plutarchum

240 795 452 862 cumulatione
483 797 779 880 compositorumque
808 795 977 860 verborum
1008 793 1232 860 adtenuatione
1267 811 1362 875 quac·

239 903 387 983 ctionem,
419 904 633 986 ampliandam
665 908 743 986 puto
777 907 810 968 et
842 900 1102 983 exspectandum,
1142 899 1243 965 donec
1273 895 1365 961 finita

239 1009 422 1096 digestaque
454 1017 560 1089 erunt,
594 1033 675 1095 quae
704 1011 739 1075 in
768 1010 854 1075 hunc
885 1031 979 1075 usum
1007 1007 1118 1074 confici
1150 1011 1262 1088 coepta
1290 1005 1364 1068 sunt

240 1116 450 1185 conlectanea.
503 1119 576 1202 Pag.
606 1123 648 1185 36
675 1116 717 1183 ad
745 1119 848 1183 locum
878 1116 1048 1184 Clementis
1075 1114 1156 1182 adde
1184 1111 1364 1180 Manualem
1405 1175 1410 1186 ,

238 1221 460 1308 Palaeologum
490 1224 575 1307 apud
605 1223 745 1290 Boisson.
774 1224 892 1290 Anecd.
915 1223 948 1288 ΙΙ
969 1246 999 1308 p.
1020 1227 1099 1290 284:
1134 1218 1251 1308 styrie
1279 1213 1362 1284 ἄλλο

237 1321 278 1390 τὸ
299 1319 386 1411 γάλα
408 1322 501 1392 εἴποι
524 1351 574 1404 τις
596 1319 636 1392 ὅν
661 1321 683 1414 ἢ
705 1321 898 1417 ἀνθρώπιον
922 1319 1023 1410 αἷμα,
1058 1327 1109 1391 cui
1128 1324 1229 1390 videri
1259 1328 1365 1407 potest

241 1428 413 1496 Clementis
434 1432 521 1496 locus
552 1432 735 1498 obversatus
757 1454 840 1510 esse,
873 1432 1089 1498 assimiliter
1119 1428 1246 1513 sanguis
1279 1425 1363 1510 apud

238 1532 374 1600 eundem
396 1533 590 1601 Clementem
610 1535 703 1602 Paed.
725 1536 741 1599 1
762 1558 792 1619 p.
818 1542 890 1614 121,
922 1541 962 1602 25
985 1535 1018 1603 P.
1041 1533 1130 1600 audit
1155 1528 1238 1619 ὑγρὰ
1262 1527 1347 1618 σάρξ
1352 1561 1362 1613 ,·

238 1641 334 1721 atque
350 1636 440 1702 affini
454 1639 640 1721 metaphora
653 1640 755 1704 utitur
770 1641 867 1706 etiam
879 1640 940 1704 Dio
957 1639 1064 1724 Chrys.
1080 1661 1123 1704 or.
1138 1637 1259 1704 XXXV
1271 1657 1301 1718 p.
1314 1641 1363 1716 45,

241 1747 278 1807 12
292 1743 329 1807 D.
345 1741 528 1827 (ποταμοὶ)
546 1744 680 1833 ῥέουσιν
695 1741 834 1829 ἐγγύθεν
850 1741 887 1809 έκ
903 1742 1028 1830 λόφων,
1051 1741 1166 1832 ὥσπερ
1181 1743 1216 1809 έκ
1232 1745 1366 1827 μαστῶν

238 1849 296 1934 τῆς
317 1850 385 1934 γῆς.
428 1848 502 1934 Pag.
524 1854 573 1916 37.
596 1849 703 1916 Adde:
727 1851 811 1934 quod
827 1849 971 1916 Clemens
993 1850 1150 1916 mamillas
1172 1848 1364 1930 nuncupavit

240 1945 407 2037 ὀρθούς
427 1952 448 2016 i.
469 1975 496 2020 e.
517 1953 723 2032 sororiantes,
751 1953 786 2018 id
808 1955 927 2036 optimo
954 1955 1022 2020 iure
1044 1954 1135 2035 fecit3
1158 1954 1212 2018 cfr.
1235 1955 1363 2036 Procop.

236 2057 309 2122 hist.
321 2079 383 2123 arc.
392 2079 422 2141 p.
431 2065 480 2138 67,
498 2065 537 2126 16
556 2059 729 2146 παρθένον
742 2060 816 2124 τινὰ
828 2058 884 2125 καλ
903 2057 941 2124 τὸ
962 2058 1002 2147 δὴ
1016 2055 1191 2145 λεγόμενον
1203 2053 1364 2147 ὀρθοτίτ-
1381 2079 1382 2082 ’

238 2163 327 2240 θιον,
351 2161 557 2228 inlustratum
578 2163 675 2228 etiam
697 2163 737 2228 ab
757 2163 836 2228 aliis.
880 2163 927 2228 Ao
949 2159 1084 2228 similem
1105 2161 1364 2245 prosopopoeiam
1460 2169 1467 2186 '

239 2289 333 2333 ausus
354 2272 403 2334 est
423 2269 677 2354 Theophylactus
699 2269 772 2335 hist.
788 2269 826 2350 V,
843 2278 863 2337 4
878 2292 908 2353 p.
925 2275 1001 2348 212,
1024 2275 1043 2336 2
1068 2263 1127 2334 οὐκ
1150 2261 1219 2335 olda
1242 2267 1283 2333 ccl
1304 2292 1363 2349 με-

243 2369 395 2460 τάφρενα
408 2371 499 2459 νίκην
513 2371 723 2440 θεάσασθαι.
767 2376 800 2442 Ρ.
817 2378 857 2442 38
876 2371 946 2457 ἅμα
964 2371 1074 2450 κοινός
1090 2373 1254 2440 coniunxit
1268 2374 1365 2440 etiam

140 2515 144 2521 ·
238 2477 425 2542 Plutarchus
446 2464 553 2546 Thein.
584 2483 623 2546 13
652 2475 684 2544 oi
709 2479 833 2545 πολλοὶ
859 2477 916 2544 τὸν
939 2479 1021 2544 θεὸν
1045 2472 1115 2562 ἅμα
1142 2481 1240 2566 κοινῇ
1268 2503 1364 2544 κατε-

238 2582 397 2649 καλοῦντο
425 2587 534 2672 φωνῇ,
557 2585 673 2668 quibus
694 2608 837 2668 conpone
857 2585 887 2650 S.
906 2585 1014 2670 Chrys.
1031 2608 1059 2668 p.
1080 2593 1128 2664 90,
1150 2591 1192 2653 23
1216 2581 1277 2663 μία
1294 2582 1363 2650 λεί-

239 2708 339 2751 πεται
370 2685 544 2773 πρόφασις
576 2681 681 2752 αὐτοῦ
710 2684 815 2775 μόνη,·
851 2689 906 2754 sed
938 2688 1033 2754 credo
1065 2689 1169 2754 adhuc
1197 2688 1366 2755 Clementis

238 2786 343 2851 locum
364 2787 399 2849 in
421 2786 577 2868 Protrept.
600 2787 646 2865 ΙΙ,
673 2793 694 2854 4
715 2809 744 2870 p.
766 2796 839 2867 194,
860 2795 900 2856 36
929 2813 969 2856 ex
990 2789 1154 2856 Plutarchi
1176 2791 1275 2874 copiis
1297 2812 1362 2856 cor-

237 2888 407 2974 rigendum
434 2911 509 2956 esse.
563 2890 636 2976 Pag.
664 2896 704 2959 39
734 2892 851 2958 nimius
879 2890 940 2970 sm,
970 2899 1007 2959 ut
1030 2893 1085 2978 qui
1107 2893 1298 2959 Clementem
1326 2917 1366 2960 ex

238 2991 410 3058 Plutarcho
425 2993 634 3078 desumpsisse
649 2996 811 3063 crederem
827 2999 845 3062 6
854 2994 946 3084 ίκρν
967 2991 1267 3086 ἀλεκτρυόνος,
1292 3020 1366 3064 nam

238 3100 445 3182 proverbialis
475 3103 553 3169 haec
585 3105 687 3168 instar
716 3105 885 3169 locutionis
916 3108 1117 3187 promuntur,
1153 3105 1251 3171 veluti
1281 3106 1365 3188 apud

240 3202 353 3268 Athen.
368 3202 417 3266 111
436 3225 467 3286 p.
486 3209 576 3270 127a
598 3210 630 3268 et
652 3205 772 3286 passim
793 3227 863 3269 cum
880 3204 965 3286 apud
981 3203 1187 3268 Plutarchum
1202 3204 1269 3287 (csr.
1286 3204 1364 3271 Mor.

240 3331 268 3391 p.
282 3315 343 3375 794
356 3331 373 3373 c
389 3305 484 3395 δίκην
499 3303 718 3396 ἀλεκτρυόνος
735 3302 915 3396 ἀντᾴδειν),
931 3313 1000 3372 tum
1015 3305 1100 3389 apud
1121 3307 1213 3384 alios,
1233 3329 1366 3391 quorum

240 3431 319 3494 quos
340 3409 567 3474 adnotaveram
586 3409 671 3472 locos
693 3409 770 3473 satis
791 3408 922 3486 multos,
948 3428 1031 3472 nune
1059 3407 1217 3472 incassum
1239 3428 1365 3490 quaero.

232 3502 313 3593 Pag.
337 3515 378 3575 46
401 3508 442 3572 ad
472 3509 576 3572 locmn
597 3508 718 3574 Consol.
741 3508 783 3574 ad
816 3508 916 3590 Apoll.
947 3529 977 3590 p.
1004 3507 1095 3574 1071
1121 3507 1200 3572 conf.
1224 3509 1366 3575 Zonaras

240 3613 353 3679 Annal.
368 3613 430 3692 ΙΙΙ,
455 3617 492 3680 13
507 3634 537 3697 p.
553 3619 629 3693 252,
650 3620 670 3680 6
693 3616 727 3680 in
744 3613 898 3679 eiusmodi
913 3613 1125 3681 locutionibus
1139 3613 1224 3678 ultra
1239 3612 1367 3679 modum

240 3720 443 3797 lumentis,
466 3718 506 3785 de
525 3719 697 3786 Holoferne
711 3721 784 3785 vino
801 3719 978 3801 consopito:
1001 3715 1172 3782 κατέκειτο
1191 3715 1247 3782 καὶ
1263 3712 1367 3801 ὕπνον

241 3816 393 3887 θανάτου
414 3817 583 3886 ὕπνωττεν
605 3817 764 3907 ἀδελφόν.
817 3820 891 3904 Pag.
915 3825 955 3886 47
978 3816 1140 3901 perdicem
1159 3817 1296 3882 oiourem
1318 3815 1364 3913 di·

241 3926 356 3991 stincte
388 3924 645 3990 commemoravit
672 3922 818 3990 Parthen.
851 3929 889 3989 14
918 3943 949 4004 p.
981 3927 1056 3999 317,
1089 3927 1126 3987 19
1148 3920 1189 3984 Μ.
1223 3919 1367 4008 πέρδικα

163 4040 165 4044 '
240 4030 384 4097 τιθασὸν
408 4025 455 4108 εἰς
476 4027 571 4112 βαθὺ
593 4030 702 4118 φρέαρ
726 4023 1007 4113 καταοοβὴσαοα,
1038 4025 1181 4108 quamvis
1214 4023 1370 4108 quodam-¹

241 4134 335 4200 modo
364 4138 476 4199 contra
506 4131 611 4198 dicere
641 4130 786 4196 videatur
816 4128 1035 4196 Artemidorus
1061 4127 1228 4192 Onirocrit.
1250 4124 1296 4204 ΙΙ,
1326 4133 1366 4193 46

241 4239 432 4330 (πέρδικες)
456 4231 715 4303 διιστιθολσεοτοί
744 4231 809 4300 εἱσι
839 4233 896 4299 καὶ
924 4228 1076 4298 ποικίλοι
1097 4229 1154 4295 καὶ
1174 4226 1273 4313 μόνοι
1302 4230 1367 4294 τῶν

243 4338 390 4432 ὀρνίθων
404 4345 494 4408 θεῶν
509 4341 610 4424 σέβας
624 4333 684 4405 οὐκ
699 4335 821 4420 ilonea.
859 4337 932 4421 Pag.
952 4341 992 4402 53
1008 4334 1104 4400 adde:
1127 4333 1252 4399 Aeliani
1269 4331 1368 4418 κρέας

244 4441 372 4534 ἄσημον
395 4449 435 4513 de
462 4447 685 4531 phantasmate
714 4443 819 4509 dicere
844 4443 906 4508 sihi
935 4441 1079 4523 permisit
1098 4440 1227 4520 Procop.
1249 4437 1281 4504 h.
1304 4457 1366 4501 aro.

245 4574 276 4635 p.
291 4559 340 4633 81,
354 4561 388 4635 33
409 4555 448 4620 de
464 4558 561 4637 partu
576 4559 788 4630 monstruoso,
808 4549 894 4615 haud
910 4571 999 4616 secus
1015 4553 1110 4632 atque
1122 4547 1271 4611 Aelianus
1289 4533 1369 4632 ἀτύ-

246 4680 372 4737 πιοτος,
395 4658 649 4744 Theophylactus
663 4655 736 4721 hist.
751 4654 811 4734 VI,
832 4661 845 4720 l
863 4675 894 4736 p.
904 4657 975 4733 241,
991 4656 1031 4718 22
1047 4648 1212 4732 usurpavit
1228 4639 1367 4710 ἀδιατύ-
