3534 5392
877 482 1090 546 ..52-

422 663 566 724 perverse
588 642 768 708 meminisse
788 642 870 708 Plini
891 643 970 722 loci,
999 665 1072 709 cum
1092 643 1174 709 miro
1202 644 1297 726 plane
1324 665 1433 710 errore
1460 665 1542 728 quae

420 769 478 812 sua
506 753 618 832 sponte
644 749 814 832 conligitur
843 747 945 813 dulcis
972 769 1055 832 aqua
1082 749 1207 814 inistis
1228 751 1324 829 vasis,
1352 771 1411 832 per
1438 770 1544 816 ceram

421 853 512 936 quasi
527 853 557 917 ei
569 852 732 935 percolata
745 851 907 918 videretur
922 875 990 919 esse
1005 875 1088 937 aqua
1099 855 1231 922 marina,
1261 854 1419 920 Videntur
1438 859 1546 919 autem

329 1039 333 1045 ⁴
419 959 604 1043 navigantes
624 959 707 1024 hanc
728 959 928 1040 potissimum
949 959 989 1025 ob
1008 981 1136 1024 causam
1153 981 1248 1026 cerea
1262 982 1337 1026 vasa
1350 959 1543 1037 adhibuisse,

418 1064 503 1149 quod
516 1086 622 1129 ceram
639 1064 814 1130 diutissime
835 1065 964 1148 frigoris
976 1065 1040 1128 vim
1058 1065 1197 1130 retinere
1217 1086 1277 1129 usu
1296 1065 1420 1146 experti
1442 1067 1542 1139 erant,

418 1166 482 1245 vel,
512 1171 549 1232 ut
576 1168 678 1252 magis
710 1168 771 1233 hoc
800 1169 1013 1234 recentiorum
1041 1169 1242 1253 physicorum
1270 1168 1541 1235 accommodemus

332 1343 336 1350 ,
416 1266 557 1348 placitiS,
579 1255 762 1334 lentissime
775 1267 913 1336 calorem
933 1288 1112 1352 propagare
1132 1269 1193 1334 sibi
1214 1267 1452 1349 insormarant;''
1467 1267 1540 1334 inde
1608 1357 1611 1362 -
1668 1244 1669 1263 ¹

418 1371 565 1437 effectum
586 1376 642 1449 est,
663 1377 698 1435 ut
713 1393 822 1437 cereae
844 1372 929 1454 pilae
951 1367 1083 1453 vapores
1104 1374 1217 1439 emari
1239 1372 1443 1438 ascendentes
1464 1394 1536 1438 con-

416 1475 578 1541 densando
600 1477 812 1559 guttatimque
833 1477 921 1541 intra
941 1497 1019 1542 cava
1039 1476 1224 1561 conligendo
1245 1478 1358 1561 eximie
1380 1479 1452 1541 usui
1474 1499 1539 1542 esse

413 1581 624 1646 crederentur.
691 1580 793 1658 Quam
824 1581 967 1646 mirificis
1000 1588 1112 1648 autem.
1143 1582 1318 1667 anbagibus
1353 1577 1535 1666 quantaque

413 1686 531 1752 astutia
558 1690 680 1750 veteres
710 1707 747 1750 eo
773 1685 902 1751 deducti
923 1675 1056 1766 firerint,
1081 1693 1118 1752 ut
1138 1711 1243 1754 ceram
1273 1689 1472 1771 potissimum
1497 1688 1537 1754 ad

414 1788 473 1854 has
494 1789 576 1872 pilas
597 1789 807 1856 conficiendas
836 1792 983 1857 adhiberi
1009 1812 1101 1875 posse
1123 1794 1158 1857 in
1179 1795 1319 1859 animum
1348 1792 1551 1871 induxerint·

412 1894 498 1960 haud
519 1895 582 1959 cito
595 1895 666 1978 quis
687 1894 845 1960 decernat.
876 1896 990 1980 Itaque
1012 1897 1047 1959 in
1061 1897 1112 1960 his
1126 1897 1255 1980 quidem
1276 1899 1303 1961 si
1318 1918 1412 1962 causa
1432 1898 1474 1962 ad
1487 1918 1537 1961 mc

412 1999 574 2065 deferatur
594 1999 772 2080 diiudicem,
793 2002 954 2068 verissime
975 2003 1162 2084 scriptorem
1181 2025 1239 2086 pro
1260 2008 1356 2086 captu
1373 2025 1429 2068 suo
1450 2003 1532 2068 indi·

412 2126 498 2170 casse
515 2125 607 2169 usum
628 2127 791 2172 cereorum
810 2127 963 2172 vasorum.
1006 2106 1097 2186 Quod
1126 2106 1359 2172 admonendum
1381 2107 1472 2186 duxi,
1499 2111 1535 2170 ut

411 2205 451 2270 de
472 2205 639 2270 Strabonis
668 2205 737 2270 loco
767 2227 871 2270 meam
900 2207 1123 2290 subiungerem
1150 2209 1338 2274 sententiam
1366 2208 1449 2274 libro
1478 2208 1534 2285 Ill,

414 2311 607 2383 155=240,
631 2314 666 2384 5,
693 2306 748 2371 ubi
768 2307 803 2370 in
823 2308 1047 2373 Lusitanorum
1074 2330 1196 2373 morum
1217 2310 1428 2392 descriptione
1449 2331 1531 2374 com-

410 2415 626 2476 memorantur
647 2432 721 2476 vasa
736 2405 857 2477 ¹eadem
886 2435 978 2480 cerea
999 2414 1033 2477 in
1060 2415 1165 2479 verbis
1186 2411 1333 2502 κηρίνοις
1359 2414 1395 2478 δὲ
1424 2409 1534 2501 ἀγγεί-

411 2531 463 2585 οις
481 2511 622 2597 χρῶνται
644 2507 803 2598 καθάπερ
825 2508 857 2576 oi
882 2511 1015 2594 Κελτοί,
1038 2514 1207 2598 inquibus
1230 2521 1359 2582 eatenus
1375 2515 1534 2581 Meinekio

409 2612 542 2697 aliisque
564 2612 810 2699 adstipulamur,
824 2619 861 2679 ut
882 2612 1031 2704 κηρίνοις
1052 2618 1253 2683 nullomodo
1268 2620 1353 2698 ferri
1364 2641 1451 2703 posse
1466 2641 1532 2686 cre-

409 2717 528 2785 damus.
572 2717 634 2784 Sed
656 2741 714 2786 nec
735 2719 892 2786 Kramero
914 2719 1028 2799 ξύλινα
1048 2723 1199 2790 suadente
1220 2725 1432 2791 Fridemanno
1454 2727 1530 2792 scri-

407 2822 546 2888 bendum
567 2844 634 2888 esse
664 2824 884 2902 concesserim,
914 2847 973 2890 nec
1002 2829 1102 2911 magis
1129 2827 1268 2894 Meineki
1295 2826 1442 2914 χολίγοις
1462 2831 1482 2895 i.
1505 2853 1531 2896 e.

407 2931 483 2988 vasis
504 2927 664 2987 cimicibus
681 2929 791 3007 plecta,
815 2926 880 2990 iarn
902 2927 1027 3007 pridem
1048 2935 1236 3012 occupatum
1257 2953 1278 2996 a
1292 2931 1419 3014 Toupio,
1441 2934 1532 3000 video

408 3041 471 3106 quo
499 3023 568 3088 iure
595 3022 744 3088 Straboni
771 3025 901 3090 obtrudi
929 3029 1078 3108 potuerit.
1132 3031 1250 3097 Mirum
1278 3034 1363 3100 enim
1384 3035 1533 3117 profecto,

407 3127 434 3191 si
455 3127 490 3191 in
510 3149 546 3193 re
569 3132 636 3193 tam
657 3129 798 3212 simplice
819 3151 877 3212 pro
904 3151 942 3196 eo
971 3132 1055 3215 quod
1085 3134 1126 3199 ad
1148 3157 1259 3201 manus
1279 3131 1350 3204 erat
1378 3135 1528 3218 πλεκιός,

408 3232 559 3298 vocabulo
581 3233 660 3299 adeo
682 3236 824 3300 solitario
847 3241 880 3302 et
900 3236 966 3303 fere
988 3239 1154 3319 inusitato,
1183 3264 1241 3307 uec
1263 3244 1388 3328 cognito
1409 3244 1531 3311 nisiex

404 3337 529 3403 Polluce
536 3337 567 3423 ²¹⁸)
589 3343 621 3403 et
637 3339 770 3405 fortasse
782 3339 940 3424 Hesychio
961 3341 1082 3419 θλέξει
1105 3347 1272 3432 ποιητικῇ,
1294 3368 1408 3412 usurus
1422 3348 1531 3414 diisset

404 3443 611 3528 geographus.
654 3443 735 3508 Nam
757 3465 949 3526 quamquam
968 3466 1032 3510 non
1053 3447 1080 3510 is
1102 3469 1171 3511 sum
1189 3450 1244 3532 qui
1258 3451 1413 3517 eiusmodi
1432 3476 1528 3532 voces,

403 3550 453 3616 vel
483 3548 568 3632 quod
593 3569 657 3612 uno
686 3549 721 3611 in
749 3549 818 3614 loco
844 3551 895 3615 vel
923 3553 1008 3634 quod
1039 3554 1123 3634 apud
1155 3558 1396 3638 grammaticum
1428 3560 1528 3625 solum

403 3653 557 3736 legantur,
586 3651 707 3716 indicta
732 3654 823 3735 quasi
845 3675 942 3720 causa
969 3677 1010 3721 ex
1035 3662 1103 3722 toto
1131 3655 1321 3726 recusandas
1343 3663 1527 3743 existimem,

403 3756 474 3838 quis
496 3775 637 3838 unquam
659 3755 720 3820 sibi
742 3755 933 3836 persuadeat
952 3757 1119 3825 fortuitum
1140 3783 1223 3841 esse,
1254 3769 1291 3827 ut
1311 3765 1460 3832 intanta
1479 3769 1528 3834 rei

403 3856 587 3929 celebritate
609 3855 800 3921 adiectivum
827 3853 964 3942 χήλιοος
984 3889 1029 3918 =
1056 3859 1198 3940 obruaris
1219 3865 1342 3930 nullum
1362 3867 1525 3934 alium-te·

402 3965 482 4026 stem
501 3965 559 4024 aut
579 3980 759 4042 sponsorem
781 3962 900 4028 habeat
920 3971 1048 4047 praeter
1064 3967 1295 4036 Anacreontem
1315 3973 1400 4054 apud
1421 3975 1524 4042 Pollu·

401 4071 491 4131 cem?
522 4065 567 4131 Ut
589 4067 615 4128 si
638 4066 708 4149 quis
723 4087 798 4132 vasa
811 4067 982 4135 viminibus
995 4071 1090 4152 plexa
1104 4079 1266 4154 exspectet
1282 4075 1445 4159 aliquanto
1462 4082 1527 4145 veri

399 4170 534 4236 similius
555 4171 597 4236 sit
613 4169 763 4237 Straboni
782 4173 917 4240 reddere
939 4175 1094 4264 σιιοιροί
1101 4203 1186 4256 νοις
1208 4176 1354 4266 ἀγγείοις
1372 4187 1526 4272 χρῶνται,

399 4293 533 4356 quorum
553 4275 746 4342 mentionem
764 4276 862 4344 habes
884 4279 968 4362 apud
988 4279 1146 4346 Pollucem
1170 4281 1213 4360 ll,
1240 4288 1307 4350 191.
1330 4287 1410 4354 conl.
1433 4288 1523 4352 Will-

467 4515 492 4581 *1
514 4517 647 4570 Onomast
662 4517 718 4583 Vll,
740 4521 788 4570 172
803 4515 952 4590 χήλινον
965 4517 1051 4591 ἄγγος
1063 4522 1128 4590 ἕχον
1142 4530 1290 4596 πυθμένας
1301 4526 1523 4599 ιῖγγειοσελίνων,

399 4599 465 4662 ὅταν
484 4609 547 4680 εἴπῃ
563 4605 726 4682 Ἀνακρέων,
745 4605 774 4662 τὸ
794 4609 823 4661 ἐκ
842 4613 974 4679 σχοινίων
990 4612 1102 4681 πλέγμα
1120 4612 1207 4680 δηλοῖ.
