3534 5392
732 507 945 568 ...59-

245 659 394 745 cedunt,
428 666 640 748 procederent
660 689 734 733 vero
756 669 783 733 si
805 669 959 752 scriptum
979 675 1062 736 esset
1082 664 1149 738 ὑπὸ
1174 665 1354 758 ξηρότητος
1377 663 1397 756 ἢ

246 759 483 848 πλήθους,
514 768 599 853 quod
628 771 813 838 dubitanter
838 773 903 838 iam
931 773 1056 854 pridem
1088 775 1297 854 proposuerat
1323 768 1395 836 Rei-

245 864 357 945 skius,
395 873 458 937 sed
478 896 571 940 nemo
604 877 841 960 obtemperarit.
884 877 933 942 Ea
963 877 1089 944 demum
1117 882 1204 943 recte
1236 875 1396 941 contraria

152 1002 154 1006 ·
242 973 338 1037 inter
362 996 402 1040 se
432 976 622 1042 referuntur.
675 973 736 1042 oss.
759 979 885 1058 Quaest.
916 984 1018 1044 natur.
1047 999 1076 1061 p.
1100 984 1161 1046 912
1179 1001 1212 1055 e,
1241 977 1298 1042 ubi
1324 996 1397 1042 oves

244 1077 289 1141 ad
317 1077 520 1163 lingendum
542 1082 640 1146 salem
670 1081 838 1147 adsuefieri
865 1087 1038 1148 narrantur
1066 1075 1193 1167 ὑγιείας
1223 1078 1316 1144 ibere
1341 1075 1396 1144 καὶ

245 1185 438 1268 συγκοπῆς
461 1182 624 1271 πλήθους.
671 1186 814 1272 Πλῆθος
835 1190 869 1253 et
893 1183 1008 1264 πάθος
1030 1184 1095 1251 sere
1117 1185 1235 1268 ubique
1258 1205 1278 1248 a
1298 1182 1394 1248 libra·

244 1285 307 1350 riis
352 1289 513 1355 confundi
545 1292 701 1369 videmus,
737 1313 801 1375 qua
838 1292 878 1358 de
913 1315 948 1360 re
975 1293 1096 1358 dictum
1130 1296 1179 1358 est
1207 1291 1241 1354 in
1269 1290 1394 1368 Quaest.

244 1393 332 1461 Plut.
362 1398 421 1463 111
444 1421 473 1481 p.
497 1405 536 1466 12
558 1405 590 1466 et
610 1423 630 1465 a
651 1401 810 1467 Meinekio
832 1401 873 1466 ad
894 1400 1034 1483 Aleiphr.
1057 1421 1087 1483 p.
1113 1406 1180 1466 170.

342 1501 478 1568 Iniuria
499 1504 595 1569 credo
616 1505 780 1570 Reiskium
802 1504 988 1570 sollicitasse
1007 1504 1111 1570 locum
1134 1501 1238 1586 Symp.
1260 1501 1298 1580 V,
1324 1507 1351 1578 7,
1374 1505 1394 1568 6

246 1625 278 1687 p.
292 1609 400 1673 683a
423 1605 478 1671 l'rn
500 1605 545 1692 μή
559 1632 602 1690 με
625 1605 741 1692 δόξρτε
764 1609 910 1697 πόρρω
934 1611 1055 1674 νυκτῶν
1079 1600 1184 1671 οὐσῶν
1211 1599 1285 1687 ὑμῖν
1309 1601 1393 1669 ἐπά-

247 1734 360 1794 γοντα
387 1706 570 1796 φάσματα.
601 1713 772 1795 inquibus
800 1735 872 1777 cum
894 1734 1008 1795 parum
1034 1715 1121 1776 recle
1149 1709 1214 1774 diei
1234 1707 1394 1773 videretur

247 1807 284 1875 ni
309 1807 437 1892 νύκτες
458 1809 574 1902 πόρρω
605 1811 688 1878 εἰσίν
709 1835 769 1896 pro
799 1813 916 1903 πόρρω
943 1814 1011 1880 e'ori
1037 1820 1092 1899 τῆς
1115 1810 1231 1890 ννκιός
1252 1812 1310 1882 vel.
1326 1814 1393 1876 τῶν

247 1922 384 1984 νυκτῶν
416 1921 457 2006 (i.
481 1944 506 1987 e.
540 1926 679 1987 bererum
706 1928 914 1986 οοπανκοναοτ
942 1921 997 1985 eir.
1019 1919 1178 1985 Heindorf
1203 1919 1244 1984 ad
1266 1918 1392 2002 Protag.

249 2044 281 2105 p.
307 2031 378 2093 463
403 2025 1015 2109 111011111181111111111111Ρ1111111.
1038 2046 1067 2108 p.
1089 2025 1161 2111 158)
1173 2024 1204 2109 1)
1227 2022 1302 2088 inde
1325 2021 1391 2087 effi-

250 2127 412 2195 ciendum
440 2131 574 2212 putabat
605 2129 721 2216 πόρρω
754 2133 877 2194 νυκτῶν
910 2121 1003 2194 οὖσιν
1032 2124 1117 2211 ὑμῖν.
1171 2127 1216 2192 Ac
1245 2125 1394 2192 videntnr
1422 2161 1425 2170 ·

251 2235 395 2298 sanein
420 2234 481 2300 hac
502 2238 662 2300 structura
689 2234 859 2316 scriptores
887 2233 1023 2300 eandem
1050 2237 1232 2298 constanter
1253 2231 1391 2298 tenuisse

251 2339 437 2418 rationem,
467 2361 563 2424 quam
592 2345 767 2424 sequuntur
801 2341 837 2405 in
862 2340 1036 2406 notissimis
1067 2339 1131 2406 illis
1162 2335 1277 2427 ,τόρρω
1306 2330 1391 2403 εἶναι

252 2442 315 2524 τῆς
338 2435 479 2526 ἡλικίας
507 2443 557 2508 vel
579 2445 640 2508 τοῦ
660 2440 738 2525 βίον
759 2443 810 2510 vel
833 2441 949 2532 πόρρω
977 2440 1066 2530 ἥκειν
1089 2441 1216 2530 σοφίας
1238 2443 1393 2507 similibus

252 2548 373 2614 multis
405 2550 480 2634 (cir.
507 2550 619 2617 Incobs
654 2550 696 2616 ad
722 2550 869 2616 Philostr.
899 2550 963 2614 iun.
993 2571 1023 2631 p.
1050 2555 1165 2626 129,6
1199 2548 1392 2614 Boissonade

253 2654 413 2726 Philostr.
435 2660 510 2725 Her.
532 2681 561 2741 p.
585 2660 677 2741 588),
705 2660 740 2724 in
768 2659 884 2744 quibus
913 2658 1076 2744 genetivus
1104 2677 1272 2738 suspensus
1303 2658 1346 2720 sit
1373 2679 1393 2722 a

255 2760 392 2846 πόρρω,
413 2768 450 2829 ut
464 2764 550 2847 apud
559 2765 641 2831 Plut.
656 2765 744 2831 Rom.
758 2771 776 2830 5
801 2758 883 2851 ἀνὴρ
907 2757 1037 2850 ἡλικίας
1060 2758 1148 2849 ἥκων
1163 2759 1288 2849 πόρρω,
1305 2762 1391 2827 Aem.

256 2863 347 2929 Paul.
380 2872 416 2932 10
440 2858 571 2951 ἡλικίας
604 2857 665 2951 ἤδη
697 2859 814 2952 πρόσω
843 2859 985 2950 γεγονός
1005 2864 1054 2931 vel
1077 2862 1191 2929 omisso
1222 2863 1391 2947 participio

258 3033 478 3046 *¹*—

330 3157 360 3223 *1
380 3158 414 3210 111
426 3159 498 3225 apud
512 3159 573 3213 Plst.
591 3161 692 3226 l‘rotag.
709 3178 734 3227 p.
749 3162 824 3213 aiod
842 3163 906 3212 λίαν
924 3155 1020 3233 πόρρω
1039 3159 1116 3220 ἔδοξε
1128 3163 1183 3213 ταῖν
1197 3163 1303 3212 νυκτῶν
1321 3155 1392 3214 εἶναι

259 3244 302 3294 vel
320 3245 396 3311 apud
417 3243 513 3296 Herod.
535 3244 577 3307 lx,
600 3247 632 3296 44
651 3243 687 3304 ὠς
704 3241 799 3315 πρόσω
818 3248 863 3312 τῆς
883 3241 979 3303 νυκτὸς
1004 3238 1181 3310 προελήλατο.
1224 3245 1271 3294 His
1292 3260 1391 3312 conpo-

260 3337 327 3380 nunt
347 3329 422 3379 Paul.
440 3327 549 3394 Epistol.
569 3331 602 3380 ad
621 3329 696 3382 Rem.
717 3329 788 3394 11111,
810 3330 840 3380 12
862 3325 876 3395 ἡ
896 3325 945 3388 νὺξ
961 3331 1129 3400 προέκοψεν,
1150 3329 1260 3392 Appian.
1280 3328 1304 3380 b.
1324 3343 1347 3380 c.
1360 3331 1390 3392 lt,

262 3415 296 3466 18
320 3414 428 3480 loseph.
451 3417 478 3469 b.
501 3417 555 3468 iud.
580 3415 624 3480 iv,
648 3417 679 3480 4,
703 3419 719 3471 ti
746 3421 792 3481 τῆς
811 3411 913 3474 νυκτὸς
937 3409 1147 3484 προκοπτούσης
1171 3415 1218 3464 καὶ
1251 3415 1299 3465 τοῦ
1328 3432 1391 3480 χει-

261 3508 360 3572 μῶνος
378 3505 597 3575 ἐπακμάζοντος,
618 3522 648 3557 ae
666 3521 797 3572 peraeque
816 3505 938 3556 Zosimus
956 3504 1016 3558 hist.
1037 3505 1045 3552 l
1065 3519 1089 3569 p.
1111 3502 1188 3555 3941
1207 3503 1311 3568 scripsit
1334 3499 1391 3555 πό-

265 3595 356 3664 λεμον
376 3591 574 3665 προκόπτοντα
599 3598 645 3648 ἐπὶ
665 3590 772 3665 χρόνον
795 3590 909 3663 βραχύν.
955 3593 1112 3645 lns03entius
1137 3595 1213 3643 etiam
1238 3597 1263 3642 et
1286 3591 1391 3656 proprio
1484 3633 1488 3640 .

262 3679 355 3750 Marte,
373 3685 530 3748 1111111111,
550 3683 707 3749 comptiores
726 3683 857 3751 Byzantii,
878 3681 957 3733 credo
978 3680 1095 3732 similiter
1116 3680 1234 3730 sonantis
1254 3678 1330 3731 verbi
1345 3678 1391 3728 ad·

264 3773 343 3836 pulsu
365 3776 392 3825 in
417 3774 531 3825 alienum
554 3774 795 3837 tramitemdueti,
821 3777 947 3838 usurpant
970 3765 1139 3838 προκύπτειν
1163 3769 1197 3819 de
1224 3785 1252 3820 re
1276 3768 1392 3834 proxime

264 3859 432 3926 imminente,
450 3862 531 3924 veluti
549 3861 695 3929 Tlrrophyl.
710 3860 770 3912 hist.
784 3876 809 3926 p.
822 3862 865 3925 51,
885 3862 902 3911 4
920 3856 1084 3930 μετοπώρου
1103 3863 1310 3930 τιαρενέκυτττεν
1324 3855 1391 3925 ὥρα,

265 3956 291 4007 p.
313 3946 377 4009 149,
404 3947 416 3994 1
439 3951 579 4015 χειμῶνος
604 3942 662 4017 ὥρα
685 3949 841 4018 παρέκυπτε
862 3952 888 3998 el
911 3947 964 3997 Leo
985 3945 1055 3996 Dino.
1078 3944 1138 3997 hist.
1158 3944 1188 4010 11,
1210 3947 1224 3996 'i
1247 3960 1271 4010 p.
1291 3946 1338 4010 24,
1360 3946 1391 3996 14

267 4022 326 4101 ι’ἔρττ
338 4035 387 4083 τοῦ
396 4021 461 4105 ἦρος
470 4027 678 4103 προκόπτοντος
687 4033 755 4084 eonl.
768 4032 810 4098 111,
822 4035 850 4084 11
863 4051 888 4100 p.
901 4034 944 4099 53,
957 4035 998 4086 24.
1017 4033 1093 4098 Apud
1107 4034 1220 4084 eundem
1233 4039 1391 4084 exustorum

265 4116 409 4171 imitatione
427 4123 532 4186 ponitur
548 4122 597 4186 111,
616 4122 628 4171 1
646 4136 674 4187 p.
694 4121 743 4186 35,
764 4123 774 4172 l
795 4124 996 4191 μεσοῦντος
1020 4113 1070 4186 ἤδη
1088 4121 1137 4172 τοῦ
1155 4109 1219 4186 ἦρος
1238 4117 1390 4184 (Herodian.

266 4202 378 4272 11113,2
398 4205 568 4279 μεσοζοόσης
584 4206 707 4279 ἡμέρας),
724 4210 794 4274 apud
815 4210 924 4276 Procop.
943 4210 969 4261 b.
989 4223 1014 4273 g.
1033 4207 1077 4273 IV,
1093 4209 1124 4259 16
1143 4223 1168 4273 p.
1182 4209 1270 4273 540,5
1290 4210 1392 4280 θέρους

265 4298 362 4361 μέσον,
381 4297 423 4347 cui
439 4298 549 4347 accedat
567 4297 646 4350 Leon.
665 4297 738 4349 Diae.
756 4296 813 4361 Vll,
833 4301 848 4351 6
866 4314 892 4364 p.
913 4299 971 4362 12¹,
991 4298 1024 4348 23
1041 4300 1137 4368 μέσων
1154 4300 1209 4350 τῶν
1228 4301 1341 4364 νυκτῶν,
1362 4303 1391 4349 11

267 4382 382 4435 nesciam
406 4399 439 4435 en
459 4386 530 4450 apud
554 4387 667 4436 eundem
689 4386 728 4450 V,
747 4388 762 4437 9
781 4401 806 4452 p.
825 4386 873 4450 91,
896 4389 926 4438 10
946 4403 998 4438 nou
1023 4392 1093 4438 recle
1116 4387 1215 4437 editum
1243 4388 1277 4437 sit
1302 4389 1392 4454 μέσον

268 4470 321 4522 ταῖν
335 4472 451 4534 νυκτῶν,
466 4485 544 4534 quam
559 4478 713 4523 structuram
727 4479 854 4538 usurpant
867 4471 986 4540 Byzantii
1004 4471 1086 4522 intimi
1104 4472 1213 4548 ordinis,
1233 4485 1391 4536 quamquam

268 4567 319 4604 non
337 4555 448 4607 multum
474 4555 561 4609 differt
584 4557 704 4610 eiusdem
719 4557 815 4610 Leonis
834 4557 878 4622 lV,
901 4559 916 4608 9
934 4574 959 4624 p.
978 4558 1027 4622 69,
1047 4558 1063 4608 4
1090 4564 1201 4631 θερείας
1226 4555 1299 4632 ὥρας
1320 4556 1388 4610 κατὰ

268 4641 297 4700 rb
314 4651 492 4718 μεσαίτατον.
