3534 5392
846 373 1078 480 ..g-..‘

378 585 415 650 ut
441 581 616 667 largiamur
643 581 725 648 hacc
753 602 843 648 snam
873 603 931 650 suo
958 582 1028 648 loco
1059 581 1193 649 fortasse
1224 581 1342 648 habere
1373 579 1508 656 veniam,

378 691 486 752 tamen
510 707 583 750 cum
598 684 722 752 'cadom
742 686 840 752 verba
860 687 1070 753 certissimam
1091 688 1125 752 in
1147 687 1251 752 fronte
1278 685 1369 770 quasi
1393 689 1510 770 gerant

378 791 576 873 corruptelae
591 795 713 869 notam,
735 791 889 874 ampliore
904 791 1127 858 abstinendum
1142 790 1269 858 videtur
1284 789 1508 872 disputatione,

378 894 634 979 quandoquidem
651 895 679 959 si
692 895 790 962 semol
801 896 931 963 inventa
946 895 1043 962 fuerit
1058 894 1234 978 probabilis
1249 892 1509 977 praecedentium

377 999 547 1066 verborum
562 1000 744 1082 explicatis,
766 1001 866 1066 tutior
888 1002 986 1066 etiam
1005 1001 1111 1066 hiatus
1131 1000 1314 1067 removendi
1336 999 1506 1082 temptabi-

377 1108 432 1168 tur
452 1105 511 1169 via
555 1104 697 1188 Eamque
718 1105 821 1186 ipsam
841 1105 876 1168 in
899 1105 983 1170 viam
1003 1125 1061 1168 nos
1086 1104 1175 1170 duoit
1195 1103 1390 1182 Macrobius,
1417 1103 1506 1168 lucu-

378 1209 483 1274 lentus
504 1209 539 1274 in
561 1209 611 1274 his
632 1208 773 1280 tenebris
794 1209 872 1288 dux,
905 1232 925 1275 a
952 1231 1014 1294 quo
1043 1209 1170 1276 eosdem
1192 1233 1263 1276 cum
1283 1209 1452 1276 Plutarcho
1474 1209 1509 1274 in

379 1313 441 1380 hac
467 1318 559 1396 parte
582 1313 743 1380 adhibitos
763 1313 863 1381 videri
896 1320 1040 1382 auctores
1070 1335 1167 1397 supra
1194 1315 1291 1382 verbo
1320 1315 1507 1380 monuimus.

377 1419 576 1502 Quamquam
595 1440 669 1484 cum
687 1417 852 1485 fatendum
874 1424 924 1484 est
943 1441 1008 1484 non
1029 1420 1077 1484 ita
1095 1418 1225 1504 quidem
1246 1419 1386 1502 pondere
1405 1419 1506 1484 afon-

379 1526 460 1590 tium
480 1523 684 1600 auctoritato,
715 1523 771 1606 qui
793 1543 857 1588 non
877 1522 912 1586 in
939 1522 1035 1588 robus
1058 1521 1267 1598 secundariis,
1295 1520 1394 1586 voluti
1414 1519 1450 1584 in
1471 1541 1510 1586 ea

379 1628 471 1706 porte
490 1644 572 1706 quae
594 1626 644 1687 est
666 1621 706 1687 de
728 1621 821 1688 modo
847 1622 931 1688 talos
962 1622 1114 1700 iaciendi,
1145 1642 1201 1688 suo
1227 1622 1387 1688 arbitratu
1406 1621 1506 1688 varia-

378 1730 472 1806 verit,
494 1725 751 1812 quandoquidem
763 1728 831 1793 veri
852 1726 1004 1792 similiore
1026 1727 1212 1792 narratione
1234 1725 1388 1791 maiorem
1411 1725 1508 1790 etiam

379 1833 505 1900 fabulae
539 1833 606 1899 veri
638 1833 775 1914 speciem
807 1853 841 1898 se
873 1837 1120 1914 conparatmum
1153 1831 1312 1914 sperabat.
1364 1829 1396 1894 Is
1425 1830 1509 1896 enim

380 1936 419 2003 de
445 1935 507 2002 hac
528 1957 564 2002 re
585 1935 633 2000 ita
653 1935 784 2017 exponit
811 1934 832 2002 l.
853 1935 889 2000 l:
923 1935 1031 2001 ferunt
1059 1940 1213 2020 regnante
1234 1935 1321 2002 Anco
1343 1933 1505 2000 aedituum

378 2041 526 2108 Herculis
555 2061 614 2123 per
640 2039 737 2106 ferias
766 2040 920 2106 otiantem
949 2040 1043 2106 deum
1071 2046 1199 2106 tesseris
1228 2059 1414 2122 provocasse
1437 2039 1507 2121 ipso

378 2149 542 2232 utriusque
569 2169 699 2213 manum
726 2153 851 2225 tuente,
879 2146 1004 2214 adiecta
1024 2147 1222 2225 condicione,
1251 2151 1289 2212 ut
1308 2147 1409 2212 victus
1430 2165 1509 2210 cena

378 2261 546 2340 scortoque
566 2255 764 2322 multaretur.
816 2253 946 2320 Victore
974 2254 1082 2337 itaque
1111 2253 1249 2319 Hercule
1278 2251 1369 2317 illum
1391 2251 1507 2316 Accam

380 2358 576 2436 larentiam,
604 2357 836 2423 nobilissimum
863 2357 899 2422 id
926 2357 1078 2440 temporis
1108 2361 1258 2435 scortum,
1290 2357 1377 2422 intra
1397 2355 1508 2422 aedom

381 2465 534 2527 inclamaro
563 2483 629 2525 cum
659 2483 728 2526 coro
755 2482 888 2545 eamque
915 2466 1043 2544 postero
1072 2461 1124 2527 dic
1153 2460 1315 2526 distulisse
1342 2479 1508 2535 rumorem,

379 2565 472 2651 quod-
485 2570 559 2648 post
578 2565 780 2632 concubitum
806 2564 859 2632 dei
888 2566 1062 2649 accepisset
1092 2586 1219 2643 munus,
1248 2587 1289 2631 ne
1311 2563 1509 2630 commodum

379 2667 502 2750 primae
515 2666 700 2745 occasionis,
723 2687 795 2732 cum
816 2666 991 2733 sodomum
1007 2666 1175 2748 reciperet,
1200 2664 1378 2732 offerendae
1400 2685 1534 2754 asper-⁴·

378 2773 516 2834 naretur.
559 2767 708 2833 Etouissa
734 2767 856 2850 itaque,
893 2771 930 2832 ut
952 2769 1082 2852 egressa
1101 2766 1220 2849 templo
1243 2787 1317 2832 mox
1339 2787 1359 2832 a
1381 2764 1509 2832 Carutm

379 2878 474 2956 capto
495 2873 563 2938 eius
583 2871 821 2954 pulchritudine
844 2873 1094 2954 conpellaretur:
1129 2874 1217 2938 cuns
1243 2873 1440 2938 voluntatem
1460 2891 1505 2938 ss·

380 2983 455 3045 outa
474 2977 704 3061 adsumptaque
725 2977 847 3059 nuptiis
872 2983 945 3059 post
966 2977 1088 3044 obitum
1109 2978 1171 3042 viri
1193 2979 1335 3045 omnium
1354 2978 1510 3044 bonorum

381 3083 448 3150 eius
468 3081 554 3146 lacta
573 3102 714 3164 compos,
736 3102 808 3145 cnm
828 3079 1009 3161 decederet,
1030 3082 1183 3165 populum
1196 3082 1373 3147 Romanum
1388 3093 1506 3146 nuncu-

380 3184 469 3266 pavit
488 3181 648 3249 herodem.
684 3181 728 3247 ut
747 3180 820 3248 ideo
841 3183 882 3248 ab
899 3182 986 3248 Anco
999 3184 1034 3248 in
1050 3183 1190 3249 Velabro
1209 3183 1279 3249 loco
1302 3182 1508 3248 celeberrimo

380 3285 469 3352 urbis
479 3279 604 3367 sepulta
615 3288 671 3362 est,
687 3301 724 3348 ac
739 3283 891 3348 sollemne
906 3283 1096 3352 sacrificium
1113 3282 1216 3349 eidem
1228 3283 1435 3348 constitutum
1450 3286 1507 3348 etc.

381 3384 433 3454 Sic
452 3387 523 3452 ille=
545 3384 663 3450 addam
682 3405 742 3469 ego
756 3385 818 3450 hoc
835 3389 973 3466 mnium,
991 3387 1155 3471 aliquanto
1177 3387 1248 3469 plus
1270 3408 1366 3470 quam
1385 3387 1505 3452 Macro-

380 3492 470 3558 bium
490 3489 676 3571 simpliciori
706 3487 834 3555 fabulae
861 3489 981 3555 formae
1004 3489 1142 3556 obruisse
1165 3488 1194 3554 S.
1215 3489 1380 3555 Aurelium
1401 3488 1504 3574 Augu-

381 3593 511 3667 stinum,
533 3591 652 3673 quippe
672 3590 919 3673 philosophandi
936 3593 1064 3674 pruritu
1082 3592 1299 3677 lectorumque
1314 3593 1504 3678 indignatio-

380 3717 454 3761 nem
471 3692 617 3759 movcndi
640 3693 744 3759 studio
765 3695 956 3761 mirabiliter
977 3696 1194 3774 obcaecatum,
1217 3700 1253 3761 ut
1274 3696 1330 3780 qui
1352 3719 1507 3781 nusquam

381 3802 443 3867 nisi
463 3823 535 3866 cum
558 3801 689 3866 horrore
709 3802 847 3885 quodam
867 3801 911 3868 ad
932 3802 1087 3868 eiusmodi
1109 3802 1289 3869 fabularum
1311 3802 1509 3870 descenderit

380 3907 618 3988 mentionem).
643 3905 843 3990 'Ceteroquin
858 3907 1018 3990 conspirat
1038 3909 1066 3974 is
1088 3930 1160 3974 cum
1178 3908 1341 3974 Macrobio
1356 3909 1391 3974 in
1406 3911 1506 3976 omni·

451 4109 478 4173 ³)
504 4111 564 4164 Non
584 4112 730 4165 admodum
753 4112 877 4180 religioso
896 4112 1059 4167 Christianos
1085 4115 1226 4182 scriptores
1249 4116 1380 4168 eiusmodi
1408 4116 1508 4171 fabulas

382 4202 476 4254 reterre
495 4201 588 4254 solitos
606 4218 681 4268 osse,
699 4202 789 4255 multis
807 4204 934 4270 exemplis
954 4205 1143 4257 demonstravit
1161 4199 1363 4258 Schcemannus
1382 4206 1417 4256 de
1433 4205 1508 4273 poesi

381 4288 542 4354 theogonica
565 4289 723 4342 Graeocmm
743 4307 769 4357 p.
788 4289 974 4357 tlh-Opust.
994 4291 1029 4356 ll,
1052 4292 1097 4356 14,
1120 4292 1161 4343 20.
1198 4290 1255 4342 slis
1273 4291 1392 4342 ciusdem
1406 4290 1509 4357 generis

381 4375 590 4442 interpolationis
614 4379 736 4442 conmgia
758 4376 950 4429 monachorum
974 4377 1051 4442 culpa
1070 4375 1151 4442 longe
1168 4376 1272 4442 latoque
1298 4377 1428 4442 serpsisse
1450 4391 1509 4428 oum

382 4470 408 4518 in
426 4467 483 4518 aliis
501 4472 620 4519 veterum
642 4467 762 4532 scriptis,
786 4472 842 4518 tum
867 4466 937 4533 apud
962 4465 1130 4518 Plutarchum
1153 4471 1216 4533 post
1236 4465 1341 4520 Dorvill.
1363 4467 1396 4518 ad
1414 4465 1508 4519 charit

381 4567 406 4618 p.
418 4553 469 4606 316
486 4553 526 4618 L.,
545 4567 624 4619 quem
640 4551 772 4618 adlegavit
787 4551 899 4606 Lobeck
916 4551 1045 4620 Aglaoph.
1063 4567 1089 4622 p.
1109 4553 1169 4620 525,
1189 4551 1272 4607 cosa
1287 4552 1343 4607 VL.
1355 4569 1382 4622 p.
1397 4555 1446 4605 211
1461 4567 1510 4620 sq,
