3534 5392
717 451 931 566 ,‘⁸³‘“

260 613 335 700 ᾳύύὲ
356 617 613 708 κεκρατημένον,
637 611 709 684 ἀλλ’
732 616 879 706 ἐξίτηλοι
907 617 965 686 καί
986 611 1116 698 σῖτελεῖς
1138 614 1222 686 είσιν
1244 615 1279 684 ci
1304 618 1389 707 πρὸς

256 721 313 802 τὰς
334 729 496 811 γυναῖκας
518 718 696 808 ὁμιλίαι
718 716 830 789 edred
837 748 863 804 ν,
908 723 1078 808 inquibus
1104 723 1193 791 nulla
1221 728 1291 790 erat
1314 744 1386 806 pro·

254 828 391 896 nominis
415 825 526 896 αὐτῶν
547 827 685 894 addendi
707 828 887 894 necessitas.

335 927 463 996 Eadem
482 945 577 1014 saepe
599 930 775 996 scribarum
797 931 929 996 licentia
949 936 1094 1016 grassata
1116 931 1219 996 estin
1240 930 1386 996 addendo

251 1031 347 1098 verbo
376 1033 590 1113 substantivo,
620 1033 853 1117 indeprehensa
879 1036 1014 1102 fortasse
1049 1035 1154 1115 nobis,
1191 1036 1252 1102 nisi
1281 1037 1387 1102 hiatus

252 1131 400 1200 fraudem
422 1135 582 1202 clamaret.
628 1135 722 1200 (ludus
753 1137 801 1202 rei
827 1159 926 1202 unum
954 1159 1037 1206 nunc
1066 1137 1183 1204 addere
1212 1137 1301 1204 lubet
1330 1161 1382 1202 ex-

253 1240 396 1322 emplum
419 1263 459 1308 ex
479 1241 562 1308 libro
584 1241 662 1322 VII,
684 1245 718 1322 8,
741 1249 760 1308 4
782 1262 811 1325 p.
833 1241 930 1310 trad
952 1236 991 1307 οὐ
1014 1239 1076 1330 γὰρ
1098 1237 1200 1324 μόνον
1223 1237 1299 1307 ὅσοι
1329 1240 1385 1327 τὴν

256 1341 430 1434 σωτηρίαν
469 1339 556 1412 σίνται
586 1345 642 1412 καί
672 1339 753 1432 παρ’
786 1339 894 1410 αὐτῶν
928 1340 1057 1426 ἔχοντες
1091 1335 1195 1430 drap
1223 1343 1382 1409 θέλουσιν

251 1438 478 1534 εῖσαγαίγιμον
500 1445 624 1532 λαβεῖν,
648 1439 694 1524 ιύς
715 1440 901 1536 Εὐριπίδης
930 1437 1032 1526 εἶπεν,
1057 1437 1291 1534 ύβὲλτιροί
1323 1442 1383 1510 εἰ-

250 1571 332 1630 σιν,
365 1545 456 1618 οῖλλᾶ
483 1550 539 1617 καί
569 1549 645 1618 ὅσοι
677 1551 768 1630 κτλ,
807 1552 842 1616 in
871 1551 986 1636 quibus
1017 1557 1054 1616 ut
1082 1552 1188 1619 hiatus
1218 1551 1384 1630 devitetur,

253 1655 350 1735 paulo
372 1657 477 1722 tutius
498 1657 623 1722 videtur
644 1656 748 1723 delere
772 1653 868 1734 εἰσιν,
893 1677 989 1740 quarn
1010 1661 1047 1722 nt
1066 1662 1291 1740 transponatur
1312 1663 1386 1724 ante

250 1751 444 1850 ἀβέλτεροι,
469 1761 503 1826 id
525 1760 609 1845 quod
630 1760 799 1826 Benselcro
821 1759 978 1842 placuisse
1001 1761 1100 1828 video.

339 1865 381 1930 In
404 1865 476 1932 aliis
496 1867 575 1932 locis
596 1866 702 1932 hiatus
729 1866 850 1930 indices
881 1867 1022 1931 existunt
1050 1867 1264 1932 conclamatae
1285 1868 1381 1932 libra-

250 1967 376 2046 riorum
403 1970 661 2038 hallucinationis
694 1971 727 2034 in
756 1971 1044 2053 praepositionibus
1073 1972 1155 2037 male
1187 1973 1383 2053 permutatis,

250 2075 365 2156 quain
380 2097 417 2142 re
433 2082 628 2160 quantopere
643 2076 826 2141 lasciverint
842 2076 1110 2159 operaepretium
1125 2082 1172 2142 est
1186 2097 1383 2160 cognoscere.

251 2178 760 2266 ItaSymp.V11Praef.p.697d
778 2181 834 2244 καί
851 2177 909 2244 τὸν
923 2174 988 2244 ἅλα
1009 2176 1278 2268 θεῖον-Ὅμηρος,
1295 2175 1327 2244 ολ
1349 2180 1386 2246 δι’

253 2283 381 2352 πολλοὶ
399 2283 538 2373 χάριτας
560 2284 725 2362 καλοῦσιν,
749 2279 816 2348 ὅτι
840 2281 912 2348 ἐντί
942 2281 991 2347 τύ
1021 2283 1203 2348 πλεῖστοι
1232 2279 1382 2371 μιγνύ-

251 2407 383 2466 μενος
402 2387 470 2451 κτλ.
491 2386 557 2452 noli
579 2386 725 2452 dubitare
747 2385 825 2470 quin
845 2406 865 2450 a
883 2384 1053 2450 Plutarcho
1075 2385 1117 2450 sit
1139 2381 1191 2450 ὅτι
1213 2385 1321 2474 τιρύς
1340 2385 1382 2452 τὰ

255 2489 401 2559 πλεῖστα
421 2491 628 2579 μιγνύμενος,
647 2498 684 2557 ut
710 2493 837 2575 scripsit
865 2492 900 2555 in
922 2491 1026 2576 Symp.
1055 2512 1084 2572 p.
1109 2495 1199 2558 733a
1226 2491 1268 2556 τὰ
1291 2514 1383 2558 στοι-

249 2599 325 2676 χεῖα
361 2592 542 2684 μιγνύμενα
574 2593 657 2684 πρὸς
679 2589 808 2682 ι’ίλλνγλα
839 2595 1099 2661 atestensis
1131 2614 1161 2674 p.
1185 2599 1270 2660 3380
1299 2596 1385 2683 πρὸς

252 2698 369 2765 πολλὰ
390 2698 597 2786 μιγνυμένης.
640 2698 784 2780 Itemque
806 2695 904 2761 verba
923 2717 953 2779 p.
975 2694 1070 2761 701d
1092 2691 1279 2775 ascriptores
1307 2710 1382 2784 ψυ-

250 2804 356 2892 χροῦ
387 2798 600 2880 πεσόντος
627 2793 648 2888 ἢ
676 2796 817 2878 ὕδατος,
835 2820 910 2884 ,σου
939 2799 1008 2864 loco
1038 2796 1301 2882 Wyttenbachius
1326 2797 1379 2864 de-

252 2902 348 2972 derat
370 2899 600 2980 ἐπινιεσόντος,
624 2922 734 2970 vereor
754 2923 793 2966 ne
816 2901 851 2966 in
865 2901 950 2966 hunc
964 2899 1093 2966 modum
1113 2899 1209 2964 scribi
1229 2898 1381 2968 debeant:

254 3005 394 3094 ψυχροῦ
413 3000 693 3092 προσπεσόντος
735 3001 818 3067 Hinc
840 3002 990 3069 sacillim
1012 3002 1148 3067 iudicari
1169 3007 1288 3084 potest,
1320 3027 1382 3089 quo

258 3103 331 3172 iure
362 3103 548 3170 Benselerus
569 3103 664 3182 VIII,
686 3107 721 3181 8,
744 3109 763 3168 2
786 3124 815 3186 p.
840 3109 930 3170 7290
952 3103 1121 3168 Plutarcho
1142 3104 1317 3170 reddiderit
1345 3101 1384 3172 οὐ

255 3207 309 3276 δεῖ
332 3207 369 3274 δὲ
392 3205 597 3290 θαυμάζειν,
630 3203 660 3271 εἰ
688 3203 729 3271 τὰ
758 3205 822 3292 ζῷα
851 3203 908 3270 διὰ
933 3204 990 3290 τὴν
1017 3203 1191 3271 θάλατταν
1221 3201 1382 3296 ἀλλότρια

255 3312 313 3380 καί
347 3305 407 3378 ούκ
437 3306 613 3398 ἐπιτήδεια
653 3307 923 3396 καταμίγνυσθαι
954 3306 1209 3392 νομίζουσιν
1246 3307 1384 3379 αὑτοῖν

255 3409 305 3494 εἷς
327 3404 411 3496 αἷμα
426 3411 482 3479 καί
506 3416 644 3497 πνεῦμα,
668 3411 703 3478 σί
722 3437 758 3500 γε
779 3413 858 3494 κτλ,
881 3435 1017 3499 quorum
1036 3421 1196 3498 postrema
1216 3421 1312 3480 antea
1331 3437 1382 3482 co·

258 3519 367 3586 dicum
388 3519 539 3604 obsequio
562 3519 610 3586 ita
624 3518 788 3586 conlocata
812 3532 904 3587 erant
925 3520 982 3586 καί
1003 3514 1062 3587 οὐκ
1085 3519 1259 3610 ἐπιτήδεια
1280 3547 1384 3588 κατα-

257 3615 443 3706 μίγνυσθαι
473 3613 521 3696 είς
543 3609 626 3702 αἷμα
650 3618 706 3684 καί
729 3623 858 3703 νινεύμα
890 3621 1080 3706 νομίζουσιν
1109 3619 1224 3704 αὑτῶν,
1256 3626 1292 3690 iu
1312 3629 1380 3713 qui-

257 3721 367 3788 bussi
394 3719 441 3800 είς
462 3723 703 3788 commutaveris
724 3723 758 3788 in
783 3724 867 3812 ιιρύς
890 3727 998 3792 omnia
1025 3725 1203 3793 firmissime
1228 3729 1384 3798 insistent.

345 3845 508 3929 Expositis
536 3846 587 3910 his
615 3845 657 3912 ad
684 3845 764 3911 alios
799 3845 952 3930 quosdam
983 3849 1158 3931 exspatiari
1184 3849 1272 3916 iuvat
1298 3851 1384 3919 locos

258 3955 391 4032 propter
410 3949 533 4016 hiatum
555 3949 594 4014 de
616 3949 693 4014 vitio
714 3956 884 4033 suspectos,
903 3953 938 4015 in
959 3953 1074 4035 quibus
1089 3954 1285 4040 corrigendis
1297 3961 1381 4041 prio·

257 4074 309 4118 res
327 4074 393 4118 non
415 4053 491 4120 satis
511 4059 597 4120 recte
620 4075 689 4118 rem
710 4053 949 4122 administrasse
976 4056 1133 4124 videntur.
1188 4059 1227 4124 In
1253 4061 1382 4145 lepidis-

257 4156 429 4222 SImoloco
449 4155 504 4237 IV,
525 4163 551 4232 1,
579 4163 646 4240 lp.
669 4157 760 4224 66οί
787 4151 860 4223 οὐκ
889 4152 994 4246 ύίκραν
1019 4155 1193 4239 ἀπόδειξιν
1222 4157 1310 4244 ἔχει
1342 4167 1384 4234 ἕν

258 4254 334 4351 σἰέρι
357 4259 414 4327 καί
436 4257 547 4350 δρόσῳ
570 4259 719 4348 λέγουσι,
751 4255 911 4350 καθάπερ
935 4258 968 4327 σῖ
988 4262 1148 4350 τέττιγες,
1179 4265 1383 4355 σιτούμενον,

257 4387 322 4459 nep
339 4365 593 4434 animadversum
614 4372 663 4434 est
679 4366 719 4433 ab
740 4365 916 4433 editoribus
939 4362 998 4432 οὐκ
1018 4369 1101 4434 nihil
1122 4393 1189 4439 essa
1211 4375 1274 4440 nisi
1287 4377 1382 4444 ditto-

258 4473 434 4560 graphiam,
456 4495 552 4558 quam
573 4474 601 4538 si
622 4473 657 4538 in
671 4473 847 4559 marginem
864 4473 1021 4556 reieceris,
1040 4480 1144 4544 totum
1161 4479 1265 4546 locum
1286 4484 1384 4567 aptis-

257 4578 338 4648 sime
360 4579 411 4646 ita
428 4576 648 4664 retingendum
670 4599 738 4647 esse
758 4577 925 4665 intelleges
951 4571 1059 4668 ίίκραν
1079 4579 1253 4662 ἀπόδειξιν
1275 4611 1387 4678 παρ.

1184 4709 1224 4762 6*
