3534 5392
834 493 1048 559 „92-

374 651 438 738 μῦς
460 648 649 741 αῦτόματος
671 656 824 726 ἐπελθών
847 653 934 748 ῦρσῃ
962 657 1022 737 τὰς
1040 653 1202 749 ἀρούρας,
1230 650 1335 746 ῦρσας
1357 655 1395 722 δὲ
1414 649 1506 720 ἄπο-

375 754 476 846 λείπῃ
492 750 721 839 ῦπίσω,τότε
744 757 930 851 σπείρας
952 753 1344 846 ἕκαστοςτῆνὲωυτοῦ
1359 748 1507 844 ῦρουραν

375 857 584 945 ἐσβάλλει
605 862 648 943 ἐς
670 859 803 952 αὐτὴν
823 855 869 943 ῦς
892 870 925 931 et
945 864 1069 930 Eudoxi
1090 865 1175 948 apud
1189 865 1257 930 Ael.
1279 863 1308 928 d.
1325 860 1450 939 n.a.X,
1467 865 1506 926 16

378 958 525 1046 attuatos
546 966 583 1034 de'
605 990 689 1055 φησι
711 969 933 1056 φειδομένους
955 966 1032 1047 τοῦς
1046 964 1258 1055 Αἰγυπτίους
1278 969 1345 1032 τῶν
1365 959 1433 1031 dciv
1451 962 1498 1049 μὴ

373 1065 593 1150 θῦειναῦτάς,
614 1070 707 1140 ἐπεὶ
729 1077 805 1140 τοῦ
826 1071 920 1140 σίτου
938 1074 1176 1163 σπαρέντος
1197 1067 1503 1160 ἒπάγουσιτολς

374 1167 526 1260 ῦγέλας
557 1169 703 1242 αῦτῶν·
733 1173 768 1243 αἱ
799 1177 835 1245 δὲ
866 1180 1012 1245 πατοῦσι
1033 1176 1090 1244 τὸν
1111 1176 1216 1267 πυρὸν
1238 1176 1294 1245 καί
1317 1174 1364 1254 εἰς
1392 1170 1495 1264 ῦγρὰν

380 1273 439 1362 τὴν
453 1277 512 1362 γῆν
533 1267 692 1358 ὠθοῦσιν,
715 1274 770 1343 ἵνα
784 1274 880 1366 μείνγγ
900 1275 1017 1362 ῦμβιος
1035 1276 1092 1343 καὶ
1112 1276 1158 1363 μὴ
1179 1270 1246 1344 bno*
1266 1278 1330 1341 τῶν
1352 1268 1499 1362 ὀρνίθων

372 1377 534 1471 ἀναλωθῇ
551 1389 584 1451 et
605 1386 765 1452 novissimi
792 1387 882 1452 testis
905 1386 1038 1452 Diodori
1060 1385 1090 1464 Ι,
1112 1391 1167 1464 36,
1191 1391 1211 1451 4
1233 1378 1385 1449 καθόλου
1408 1381 1445 1446 di
1467 1374 1503 1460 (ὃ

373 1485 511 1571 Νεῖλος)
533 1485 696 1574 τοσαύτην
716 1493 787 1568 τοῖς
808 1489 868 1568 μὲν
890 1484 1001 1578 ἔργοις
1023 1482 1184 1555 εὐκοπίαν
1207 1486 1406 1574 παρέχεται,
1430 1486 1502 1560 τοῖς

374 1583 402 1655 ’τῦ
435 1585 632 1679 ἀνθρώποις
660 1593 881 1672 λυσιτέλειαν,
920 1588 1007 1658 ιῦστε
1036 1589 1114 1668 τοὺς
1140 1589 1201 1674 μὲν
1232 1585 1408 1665 πλείστους
1435 1587 1502 1652 τιῦν

373 1691 524 1774 γεωργῶν
541 1693 613 1768 τοῖς
635 1683 952 1778 ἀναξηραινομένοις
973 1690 1030 1777 τῆς
1045 1690 1102 1775 γῆς
1120 1682 1240 1763 τόποις
1257 1682 1502 1774 ἐφισταμένους

374 1789 430 1858 καὶ
451 1790 489 1858 τὸ
512 1794 646 1882 σπέρμα
661 1794 847 1879 βάλλοντας
869 1790 1044 1881 ἐπάγειν
1067 1791 1115 1857 τὰ
1136 1785 1408 1877 βοσκήματα,
1431 1785 1502 1853 καὶ

372 1890 542 1973 τούτοις
559 1892 919 1983 συμπατήσαντας
938 1896 1018 1972 κτλ,
1037 1894 1215 1978 quamlibet
1228 1896 1265 1956 ut
1277 1891 1365 1956 uides
1379 1889 1503 1956 varian-

372 1999 415 2064 tis
430 1998 593 2082 paulisper
606 2001 640 2065 in
655 2001 814 2066 mentione
830 2021 938 2078 suum,
960 2021 1041 2083 quae
1056 2000 1091 2063 in
1105 2000 1166 2064 hac
1179 1997 1307 2082 quidem
1321 1997 1506 2061 narratione

372 2106 515 2190 permira
542 2108 572 2172 ei
601 2107 769 2174 videbatur
789 2107 875 2172 haud
898 2106 993 2174 dubie
1015 2111 1048 2172 et
1066 2106 1236 2188 suspitiosa
1256 2102 1388 2187 perinde
1408 2105 1504 2186 atque

374 2211 454 2279 aliis.
476 2213 622 2290 Quicum
638 2235 716 2291 sues
734 2212 910 2296 quadratio
926 2212 997 2294 ipsa
1014 2212 1187 2289 evincebat,
1202 2209 1317 2275 merito
1333 2208 1503 2274 etnomino

373 2317 405 2378 et
425 2334 460 2379 re
480 2313 544 2377 sint
564 2311 758 2396 λυμανιικολ
776 2316 847 2378 τοῖν
870 2317 965 2377 θεοῖν
987 2309 1192 2398 διορημάτιυν
1217 2309 1329 2391 (Schol.
1345 2307 1504 2390 Aristopla

375 2420 452 2485 Ran.
470 2424 553 2500 338³,
572 2419 836 2504 quemadmodum
858 2419 944 2502 apud
965 2417 1158 2485 Clementem
1180 2417 1269 2484 Alex.
1292 2415 1405 2480 Strom.
1429 2413 1501 2492 VII,

375 2531 405 2603 6,
422 2530 462 2593 33
478 2547 508 2608 p.
525 2529 587 2593 849
595 2525 635 2604 P,
658 2525 734 2591 licet
755 2525 802 2592 ibi
823 2525 1030 2592 disserentem
1042 2522 1082 2588 de
1096 2523 1237 2601 ludaeis,
1258 2523 1375 2607 legitur
1396 2514 1500 2606 ταύτῃ

373 2628 430 2696 καί
449 2626 594 2713 μάλιστα
607 2624 762 2697 Ἰουδαῖοι
781 2630 931 2719 χοιρείου
955 2623 1146 2710 ἀπέχονται,
1170 2621 1217 2706 ὡς
1238 2620 1280 2692 bb
1292 2628 1353 2692 τοῦ
1371 2622 1497 2713 θηρίου

374 2735 493 2805 τούτου
514 2740 640 2825 μιαροῦ
662 2727 771 2817 ῦντος,
796 2735 870 2802 ἐπεὶ
891 2733 1038 2818 μάλιστα
1054 2738 1116 2800 τῶν
1132 2727 1241 2799 ῦλλιυν
1258 2733 1336 2811 τοῦς
1353 2730 1503 2821 καρποῦς

374 2838 548 2930 ἄνορῦσσει
574 2840 629 2906 καὶ
653 2837 793 2926 φθείρει
820 2841 885 2922 (cfr.
908 2841 1032 2906 Movere
1053 2840 1169 2905 Phoen.
1191 2843 1208 2904 l
1229 2860 1259 2921 p.
1280 2841 1365 2922 221),
1386 2836 1503 2902 rectius

373 2946 460 3012 haud
480 2946 575 3011 dubie
589 2945 707 3011 'fecisse
727 2946 787 3010 sibi
808 2945 1057 3013 informaverant
1070 2945 1299 3029 Triptolemum
1320 2944 1363 3010 ad
1380 2942 1503 3008 Cereris

372 3071 461 3116 aram
476 3071 564 3115 suem
585 3053 788 3129 mactantem,
811 3073 878 3114 οαυι
894 3053 969 3133 qaod
990 3056 1099 3114 sereret
1120 3052 1280 3130 effodisset,
1304 3071 1400 3133 quam
1416 3045 1501 3131 quod

372 3153 537 3239 Aegyptiis
558 3176 617 3219 usu
632 3155 756 3220 venisse
777 3159 994 3237 reppererunt.
1031 3154 1129 3238 Atqui
1146 3155 1239 3237 paria
1255 3155 1356 3221 tradit
1370 3153 1499 3230 Plinius,

372 3261 494 3346 graecis
509 3260 594 3326 haud
609 3260 704 3327 dubie
719 3281 793 3326 usus
808 3261 1002 3339 auctoribus,
1023 3262 1054 3326 h.
1068 3283 1097 3325 n.
1108 3259 1229 3338 XVIII,
1247 3263 1386 3338 18‚168:
1409 3257 1501 3342 volgo

373 3360 562 3427 credebatur
593 3382 613 3424 a
644 3359 773 3426 decessu
801 3359 867 3424 Nili
896 3383 1001 3427 serere
1037 3361 1146 3426 solitos
1173 3385 1242 3427 υιοο
1270 3383 1339 3426 sues
1365 3364 1502 3445 inpellere

371 3467 502 3546 vestiqz'r's
522 3466 632 3526 cerrae'no
653 3463 842 3544 deprimentis
864 3469 896 3525 ι’νι
918 3466 1033 3527 madido
1053 3467 1128 3541 soto;
1155 3469 1188 3528 et
1208 3463 1303 3529 credo
1324 3463 1501 3547 antiquitus

373 3564 564 3641 factitatum,
602 3584 686 3628 nunc
714 3585 837 3648 quoque
865 3586 930 3629 non
954 3567 1054 3630 multo
1081 3567 1225 3651 graviore
1255 3587 1360 3649 opera
1413 3567 1500 3644 Quae

373 3665 502 3750 quidem
523 3664 706 3730 testimonia
734 3665 814 3732 adeo
842 3667 926 3734 inter
948 3689 982 3734 se
1001 3670 1187 3748 concinunt,
1215 3674 1253 3734 ut
1274 3671 1352 3754 quin
1373 3692 1413 3736 ex
1433 3691 1497 3734 uno

373 3769 544 3853 eodemque
565 3768 653 3835 fonte
673 3768 894 3866 profluxerint,
920 3776 1011 3837 tanto
1033 3773 1139 3838 minus
1158 3773 1277 3858 ambigi
1298 3773 1411 3856 possit,
1435 3793 1499 3857 quo

374 3877 474 3962 magis
497 3897 550 3942 eos
570 3876 627 3959 qui
647 3882 720 3958 post
740 3877 936 3944 Herodotum
970 3879 1009 3944 de
1030 3880 1126 3946 rebus
1143 3881 1347 3966 Aegyptiacis
1366 3881 1497 3948 rettule-

371 3982 460 4050 runt.
485 3977 525 4042 ab
539 3977 733 4043 'auctoritate
755 3978 823 4043 eius
843 3979 982 4060 pendere
1008 3981 1158 4047 videmus.
1202 3982 1314 4067 Neque
1335 3982 1500 4048 Plutarchi

372 4082 469 4148 verba
497 4081 669 4148 Herodotei
692 4081 804 4148 coloris
832 4084 987 4150 immunia
1013 4091 1094 4151 sont.
1146 4087 1322 4170 inquibus
1348 4109 1429 4172 quae
1458 4087 1499 4154 de

371 4184 467 4250 subus
488 4186 527 4251 ab
549 4185 714 4269 Aegyptiis
735 4185 776 4250 ad
798 4187 918 4252 semina
938 4188 1033 4253 altius
1053 4189 1263 4271 deprimenda
1284 4192 1318 4257 in
1338 4192 1404 4257 solo
1426 4213 1494 4256 ma-

372 4289 447 4355 dido
465 4289 629 4368 immissis,
657 4295 784 4356 rectene
804 4311 864 4374 per
885 4298 1160 4360 monumentorum
1189 4295 1321 4382 fidem*)
1344 4319 1387 4363 an
1407 4318 1498 4363 secus

441 4537 468 4604 *)
494 4539 523 4590 ln
542 4543 719 4594 monumentis
740 4545 928 4612 Acgyptiorum
953 4560 1020 4611 quae
1044 4547 1129 4599 varies
1152 4551 1327 4602 rusticationis
1350 4555 1438 4617 partes
1458 4567 1498 4602 re·

371 4631 550 4692 praesentant,
569 4641 698 4692 nusquam
718 4636 859 4695 conparent
877 4648 954 4696 sues,
974 4633 1023 4684 aed
1041 4647 1149 4702 caprae,
1167 4637 1248 4690 veluti
1265 4638 1294 4690 in
1310 4637 1400 4692 tabule
1415 4653 1498 4704 prope
