3534 5392
863 431 1076 496 ...3η-

411 599 496 660 mate
516 589 646 682 γνώμη,
675 591 761 678 quod
788 591 976 677 plerumque
1007 592 1207 660 scribebatur
1239 590 1342 672 TW,
1373 593 1555 677 scriptoris

410 699 567 766 verbis-
576 721 651 766 nam
666 719 799 783 magnus
817 704 897 764 erat*
904 697 1085 782 explicandi
1099 698 1338 782 doctrinamque
1355 697 1552 766 ostentandi

407 802 550 885 pruritus
571 841 610 851 -
633 801 788 866 sdieetnri
809 802 949 888 erant*).
992 801 1197 868 Manifestum
1218 801 1373 870 eiusmodi
1393 802 1546 886 interpo-

408 907 536 973 lationis
566 904 720 970 indicium
749 909 838 971 extet
866 904 953 988 opud
983 905 1144 990 Aristoph.
1175 907 1210 972 in
1236 906 1342 985 Pluto,
1373 907 1428 974 ubi
1454 929 1548 992 quae

409 1017 482 1094 post
502 1034 528 1076 v.
552 1014 615 1076 805
637 1010 852 1076 ineodicibus
883 1009 1031 1094 leguntur
1062 1011 1175 1078 verbo:
1209 1007 1296 1106 oig'rto
1319 1009 1547 1076 sinicensis

410 1117 499 1182 ἐστιν
522 1109 583 1203 ἡδύ
606 1111 745 1203 πρᾶγμά
768 1138 800 1179 τι
830 1115 865 1180 in
885 1114 969 1182 libro
990 1113 1175 1200 Augusteno
1203 1117 1272 1198 ipso
1294 1116 1442 1182 lemmate
1463 1101 1544 1201 ’γ’νῖι

409 1219 549 1304 praefixo
571 1241 591 1284 a
617 1218 749 1285 librario
769 1219 804 1282 in
831 1223 939 1284 textus
961 1219 1076 1284 seriem
1097 1219 1199 1286 inlata
1225 1225 1299 1285 sunt
1320 1219 1388 1305 (cfr.
1408 1217 1545 1284 Brunck

410 1332 474 1393 not
495 1327 536 1392 ed
557 1325 717 1408 Aristoph.
738 1324 755 1389 I
782 1346 812 1409 p.
835 1330 897 1392 267
921 1324 980 1411 sq.)
1030 1325 1184 1392 Similiter
1213 1327 1318 1392 scribe
1347 1327 1414 1393 eod.
1437 1326 1544 1394 Pelet.

410 1438 473 1502 283
491 1436 527 1498 in
545 1433 611 1500 vita
632 1432 740 1498 noan
757 1453 783 1496 c.
799 1435 839 1498 25
861 1429 904 1497 ed
925 1431 1023 1498 verba
1044 1425 1063 1519 ἡ
1087 1429 1149 1522 γὰρ
1174 1430 1283 1498 δειλία
1306 1429 1543 1520 φονικώτατόν

411 1533 501 1602 ἔστιν
522 1533 557 1600 ἐν
576 1537 651 1611 ταῖς
672 1528 870 1620 τυραννίσιν,
893 1529 992 1600 ἵλεων
1006 1531 1044 1599 δὲ
1063 1533 1120 1600 καὶ
1139 1535 1249 1623 πρᾷον
1262 1534 1319 1601 καὶ
1342 1529 1543 1602 ἀνύποπτον

409 1634 430 1727 ἡ
453 1637 687 1730 θαρραλεότης
709 1638 929 1705 calamitosum
946 1639 1027 1705 illud
1047 1637 1159 1727 γνιόμη
1183 1640 1378 1726 adscriptum
1395 1641 1543 1723 praebet.

411 1745 479 1812 Nee
498 1746 613 1811 desunt
633 1744 777 1826 exempla
798 1743 904 1810 affinis
925 1746 1057 1830 generis.
1110 1746 1161 1812 lte
1183 1745 1267 1828 opud
1289 1746 1369 1812 Plut.
1390 1747 1468 1830 Rep.
1491 1746 1541 1812 VI

409 1875 441 1937 p.
467 1861 568 1921 oute
599 1852 788 1919 admirantis
820 1853 942 1922 scribae
974 1856 1070 1922 verba
1103 1847 1198 1933 όῖξιον
1231 1853 1269 1920 τό
1305 1850 1472 1940 διανόημα
1503 1855 1540 1920 in

410 1965 533 2026 tentum
560 1961 771 2043 irrepserunt,
800 1959 870 2026 Asti
893 1964 1053 2041 acumine,
1084 1964 1144 2028 hoe
1172 1962 1298 2029 nomine
1328 1961 1538 2029 Stallbenmio

410 2067 503 2151 longe
524 2065 780 2149 praestantioris,
800 2065 870 2131 loco
892 2065 1019 2133 demum
1040 2071 1128 2133 mota
1154 2065 1266 2148 (Cobet
1284 2066 1434 2133 Mnemos.
1457 2069 1536 2133 1862

411 2197 441 2258 p.
466 2180 525 2241 165
548 2178 607 2257 sq.)
650 2172 833 2256 Eodemque
853 2173 1142 2240 additamentomm
1166 2173 1238 2239 labe
1258 2173 1394 2240 infectus
1412 2172 1538 2239 videtur

411 2281 499 2369 loeus
518 2279 553 2343 in
573 2277 656 2344 libro
668 2276 701 2341 ll
714 2276 853 2342 Maceab.
874 2283 925 2356 12,
947 2285 995 2355 45.
1017 2278 1074 2355 ubi
1092 2276 1134 2344 ed
1153 2277 1251 2344 verbe
1272 2275 1449 2358 ἐμβλέπων
1466 2280 1540 2352 τοῖς

415 2418 620 2428 ..η--ω-ψ-ι

483 2480 510 2544 *t
532 2484 559 2532 tn
584 2483 790 2548 proverbialibus
808 2484 987 2536 locutionibus
1004 2486 1113 2550 perinde
1138 2494 1215 2552 atque
1239 2488 1265 2538 in
1287 2487 1326 2538 eis
1345 2499 1413 2552 quae
1430 2485 1462 2536 ab
1481 2483 1541 2536 aliie

413 2567 583 2633 scriptoribus
596 2567 735 2632 adsumpto
753 2582 816 2618 suso
835 2569 946 2619 orationi
958 2569 1066 2620 inseruit
1081 2569 1248 2635 Plutarchus,
1263 2569 1360 2622 nullam
1373 2585 1435 2620 esse
1452 2567 1542 2620 hiatus

412 2659 502 2724 iugem
519 2664 580 2723 post
602 2657 728 2709 Sirrtonim
750 2658 784 2708 de
803 2656 875 2710 hiatu
896 2674 922 2725 p.
941 2658 1006 2724 338,
1027 2661 1103 2711 novis
1124 2661 1222 2726 aliquot
1244 2659 1400 2712 testimoniis
1418 2659 1542 2710 evincere

413 2755 522 2800 conatus
556 2762 615 2797 surn
643 2748 668 2797 iu
695 2745 799 2809 Quaest.
826 2747 891 2800 Plut.
918 2745 938 2797 ll
962 2763 988 2814 p.
1014 2749 1059 2813 12,
1085 2750 1182 2814 quibus
1207 2746 1288 2799 hodie
1316 2747 1476 2798 addiderim:
1503 2743 1543 2806 ὠς

413 2831 489 2902 τόπῳ
508 2838 610 2900 sinsin,
629 2834 708 2886 veluti
726 2833 789 2888 lior.
810 2851 834 2900 p.
853 2835 926 2886 tlte
949 2841 975 2886 et
992 2837 1107 2902 passim,
1127 2842 1152 2886 et
1176 2831 1205 2887 τό
1229 2828 1354 2906 κρόμυον
1372 2835 1448 2900 ποτῷ
1465 2827 1543 2896 όιμον

413 2925 537 2977 exilem.
554 2926 585 2975 A
602 2923 667 2987 639,
687 2927 717 2974 ut
736 2921 827 2991 Symp.
850 2922 912 2987 Vll,
932 2925 957 2986 i,
979 2925 990 2973 1
1010 2939 1036 2990 p.
1056 2925 1133 2975 illle
1158 2923 1226 2976 conl.
1251 2920 1342 2996 Symp.
1366 2921 1410 2987 lV,
1429 2923 1460 2987 4,
1480 2923 1495 2973 3
1512 2937 1541 2988 p.

413 3015 502 3078 6696,
529 3015 573 3066 ubi
600 3018 689 3064 contra
710 3011 834 3064 librorum
865 3027 1026 3065 consensum
1052 3013 1138 3064 editur
1160 3015 1256 3066 ποτοῦ.
1303 3011 1331 3063 ln
1356 3012 1414 3064 aliis
1443 3027 1544 3077 anceps

412 3101 502 3152 baeret
520 3100 660 3161 iudicium;
681 3098 775 3162 ita,no
796 3096 958 3161 ultraquam
977 3101 1077 3161 oportet
1096 3110 1239 3160 excurram,
1260 3095 1285 3145 in
1301 3096 1438 3147 notissima
1450 3093 1543 3144 Archi-

415 3190 484 3241 dumi
506 3205 572 3241 voce
597 3184 611 3242 ό
638 3183 759 3256 πόλεμος
785 3184 817 3239 οὗ
842 3189 995 3256 τεταγμένα
1020 3190 1146 3250 σιτεῖται,
1175 3185 1251 3237 cuius
1280 3188 1439 3235 mentionem
1462 3182 1543 3236 habet

356 3340 359 3344 μ
415 3279 568 3332 Plutarchus
587 3276 672 3330 Crass.
692 3279 716 3328 2.
745 3275 844 3329 Cleom.
864 3277 906 3330 27.
931 3275 994 3328 Μοτ,
1015 3293 1040 3342 p.
1064 3275 1141 3327 tuos.
1166 3291 1191 3341 p.
1214 3273 1299 3338 219³,
1324 3276 1417 3324 eedem
1437 3289 1541 3339 semper

414 3376 503 3438 regnat
525 3369 657 3436 positurs3
688 3367 715 3418 in
738 3371 872 3432 postremo
898 3365 959 3417 loco
985 3365 1064 3416 ioede
1089 3369 1237 3430 corruptum
1261 3364 1357 3428 legitur
1379 3359 1393 3415 6
1421 3358 1542 3432 πόλεμος

414 3455 446 3511 οὐ
464 3457 618 3525 τεταγμένα
637 3455 741 3518 ζητεῖ,
760 3452 835 3503 cuius
853 3451 914 3502 loco
931 3451 1084 3518 ponendum
1097 3467 1159 3503 esse
1176 3455 1325 3504 σιτεῖται
1346 3456 1417 3502 extra
1434 3465 1540 3503 omnem

412 3553 454 3599 est
480 3542 699 3601 controversiam
727 3555 759 3590 ex
785 3541 924 3592 neotericis
946 3539 1065 3592 ultimum
1089 3540 1153 3592 mihi
1178 3541 1290 3592 occurrit
1313 3540 1382 3606 apud
1408 3539 1538 3592 Theodor.

412 3631 581 3684 lietochitam
599 3645 625 3695 p.
645 3629 702 3681 541.
738 3627 798 3680 Uno
816 3628 876 3680 loco
896 3629 921 3680 in
941 3629 994 3680 vite
1012 3628 1199 3681 Demosthenis
1220 3644 1243 3683 c.
1255 3630 1307 3692 ⁴17,
1328 3641 1485 3693 qrremquam
1503 3627 1537 3679 ibi

413 3720 511 3770 dicium
528 3719 682 3771 adtribuitur
694 3715 808 3786 Grobplo
827 3718 975 3784 demagogo
995 3720 1010 3770 i.
1023 3733 1047 3772 e.
1065 3717 1216 3784 Hegesippo
1236 3717 1339 3781 oratori,
1357 3721 1386 3767 ut
1404 3718 1540 3768 evitaretur

413 3800 543 3854 vocalium
570 3815 730 3865 concursus,
752 3801 850 3852 variato
879 3800 1012 3866 paulisper
1035 3801 1127 3852 ordine
1153 3806 1178 3851 et
1205 3799 1304 3850 omisso
1334 3799 1395 3849 inde
1421 3798 1537 3860 articulo,

333 3906 337 3911 ·
413 3889 512 3941 incedit
524 3888 575 3940 hoo
589 3889 685 3941 modo:
706 3883 742 3947 ὡς
754 3886 786 3940 οὗ
805 3892 957 3957 τεταγμένα
977 3893 1087 3941 σιτεῖται
1108 3883 1241 3957 πόλεμος·
1262 3888 1416 3954 ἐπηρμένης
1434 3885 1464 3939 di
1476 3887 1539 3940 κτλ..

413 3987 528 4038 quocum
553 3987 676 4037 conpono
695 3971 821 4025 Themist.
845 3988 882 4023 or.
904 3989 929 4039 p.
954 3974 1028 4028 1136
1054 3975 1153 4047 ἐγείρει
1177 3969 1305 4044 πόλεμον
1329 3973 1471 4044 ἀκραιφνῆ
1492 3977 1537 4026 καὶ

413 4050 578 4123 σιτούμενον
602 4053 653 4124 οὐχ
676 4051 826 4127 ὡρισμένα.
873 4055 990 4122 itemque
1014 4059 1039 4109 in
1064 4060 1117 4111 vita
1142 4057 1196 4117 Cat.
1220 4061 1281 4124 maj.
1306 4073 1330 4112 e.
1355 4062 1371 4112 8
1398 4061 1424 4112 in
1450 4060 1536 4114 verbis

413 4141 533 4207 Gelonis,
551 4144 692 4196 multorum
711 4145 854 4203 imitatione
872 4140 1054 4210 frequentatis:
1069 4143 1195 4216 χαλεπὸν
1208 4150 1262 4216 μέν
1281 4147 1362 4214 ἔστιν,
1382 4136 1405 4199 τό
1422 4149 1539 4205 πολῖται,

412 4229 482 4306 πρός
498 4237 618 4305 γαστέρα
634 4235 734 4303 λέγειν,
753 4222 808 4286 ὦτα
827 4231 877 4286 σόν,
897 4231 1015 4302 ἔχουσαν
1037 4251 1068 4286 ex
1090 4233 1200 4285 aliorum
1217 4233 1336 4286 locorum
1356 4234 1539 4300 conparatione

412 4323 492 4375 tutius
510 4323 614 4374 videtur
630 4323 709 4375 scribi
729 4311 784 4374 ὦτα
802 4319 842 4392 μὴ
860 4321 980 4390 ἔχουσαν
998 4323 1066 4375 conl.
1090 4325 1155 4374 lior.
1176 4339 1201 4389 p.
1222 4323 1297 4375 9966
1318 4319 1388 4395 πρὸς
1408 4326 1540 4391 γαστέρας

412 4395 467 4460 ὦτα
484 4403 524 4477 μὴ
542 4402 658 4477 ἐχούσας
675 4413 700 4459 el
717 4423 743 4474 p.
762 4407 838 4458 131³
856 4404 926 4477 πρὸς
943 4411 1063 4479 γαστέρα
1082 4397 1137 4458 ιότα
1155 4405 1195 4478 μη
1220 4408 1339 4477 ἔχουσαν
1356 4414 1381 4459 et
1401 4424 1427 4476 p.
1448 4409 1496 4460 198
1511 4407 1538 4472 6,

412 4494 483 4547 unde
501 4495 663 4561 deprompsit
679 4510 728 4546 sua
744 4494 875 4548 Stobaeus
893 4495 980 4548 Floril.
998 4495 1050 4559 Vl,
1070 4495 1117 4561 54,
1137 4509 1216 4561 quam
1234 4497 1407 4564 suspitionem
1425 4498 1475 4550 etei
1492 4497 1540 4548 du·

411 4581 531 4635 bitstioui
548 4580 633 4646 magis
656 4581 733 4632 etism
752 4596 813 4633 esse
831 4581 973 4635 obnoxiam
991 4580 1093 4646 sentio,
1114 4582 1318 4648 praetermittere
1335 4581 1454 4648 religioni
1472 4579 1541 4634 duxi.
