3534 5392
829 461 1033 524 -flw

372 625 519 711 cupidius
542 647 579 693 eo
599 627 763 698 inclinant.
813 626 897 692 Illud
919 631 1026 693 autem
1043 625 1206 693 verissime
1228 615 1430 689 obstinatum
1450 619 1496 684 est
1556 699 1566 712 ἱ

374 729 571 797 sescentiens
592 749 697 794 crases
719 751 740 794 a
754 729 866 794 scribis
888 728 1025 810 inperite
1045 727 1228 792 obscuratas
1246 745 1322 800 esse,
1342 726 1378 788 ut
1396 739 1495 801 saepe,

376 833 404 897 si
425 833 575 916 quiahoc
596 834 678 917 agit,
700 856 739 898 cx
760 833 893 898 vetustis
915 832 1090 913 scripturae
1112 828 1299 910 corruptelis
1316 823 1496 890 nitidiorem

373 937 512 1002 auctoris
539 936 692 1020 indagate
721 937 822 1018 possit
850 935 1010 1000 scribendi
1039 935 1203 1000 rationem.
1256 930 1399 998 Eximius
1429 930 1497 995 erat

373 1042 416 1108 ad
434 1043 512 1107 haec
531 1043 748 1108 confirmanda
768 1043 856 1106 locus
876 1043 912 1108 in
933 1042 1014 1108 Plut.
1037 1040 1142 1124 Symp.
1163 1038 1239 1116 VII,
1263 1045 1288 1116 1,
1310 1041 1328 1103 3
1351 1056 1382 1117 p.
1398 1038 1460 1102 699
1472 1053 1496 1108 e,

343 1210 346 1215 ,
372 1145 428 1210 obi
441 1144 596 1210 librorum
604 1145 765 1227 potiorum
776 1145 871 1208 lectio
884 1142 943 1229 τὴν
966 1141 1072 1230 πρὸς
1094 1140 1140 1206 ad
1162 1135 1289 1228 ὑγρὰν
1312 1128 1498 1226 ἕνοιθομίαν

372 1272 413 1314 ex
426 1249 607 1314 coniectura
624 1249 776 1314 mutanda
792 1254 861 1313 erat
877 1249 912 1312 in
929 1247 1013 1336 πρὸς
1028 1239 1176 1334 τοῦργον,
1194 1243 1279 1328 quod
1293 1261 1365 1308 cum
1378 1238 1500 1306 santae

373 1373 445 1420 soro
466 1354 534 1418 nati
555 1353 595 1418 de
617 1353 760 1418 marein
782 1373 981 1418 communem
1006 1351 1123 1434 quippe
1151 1348 1213 1414 sibi
1236 1347 1361 1428 suisque
1382 1362 1497 1425 aequa·

373 1456 459 1521 libus
482 1456 720 1524 familiariorem
748 1455 941 1539 refingerent
967 1453 1114 1530 formam,
1142 1455 1280 1520 nonest
1308 1448 1423 1520 mirum
1446 1465 1498 1510 eos

374 1562 507 1628 adsidua
528 1563 619 1645 qnasi
631 1583 783 1647 *errorum
801 1556 1031 1626 'consuetudine
1054 1562 1232 1639 corruptae,
1255 1553 1424 1622 ridiculum
1445 1571 1496 1632 pe·

373 1665 492 1745 perisse
514 1663 551 1728 τὸ
575 1658 675 1752 ὑγρόν
698 1664 766 1748 (cir.
788 1665 914 1742 anast.
937 1662 1016 1728 Plut.
1033 1662 1083 1726 Ill
1104 1662 1124 1726 l.
1140 1661 1160 1726 l.
1173 1663 1202 1745 ³³)
1226 1664 1259 1726 ot
1284 1657 1390 1735 Cobet
1413 1656 1499 1726 emas

373 1767 540 1833 adsensum
570 1788 621 1832 me
650 1769 761 1832 ttdisse
789 1768 994 1832 vehementer
1022 1766 1136 1840 laetor,
1175 1765 1209 1829 in
1236 1764 1387 1835 Mnemos.
1419 1763 1499 1832 1862

373 1895 403 1956 a
427 1875 511 1960 33⁵l
1319 1947 1321 1951 Α

458 1978 611 2046 Similiter
625 1980 802 2046 scribarum
817 2000 907 2044 error
929 1980 963 2044 in
985 1978 1080 2044 simili
1103 1998 1199 2044 causa
1219 1975 1403 2042 commissus
1423 1971 1499 2057 quid

373 2073 545 2163 murrinum
568 2079 617 2157 sit
637 2079 855 2146 demonstrare
874 2080 994 2161 poterit
1013 2080 1047 2144 in
1069 2077 1173 2163 Symp.
1187 2077 1250 2154 ΙΙΙ,
1271 2083 1298 2152 4,
1322 2080 1342 2141 3
1365 2095 1394 2156 p.
1412 2072 1502 2140 corf

372 2183 587 2250 ubidsnaiora
608 2205 676 2248 asse
690 2184 858 2249 mulierum
877 2205 974 2266 quam
988 2183 1127 2251 virorum
1149 2203 1290 2263 corpora
1312 2179 1391 2247 disci
1406 2198 1496 2260 posse

371 2283 572 2367 significatur
592 2306 633 2348 ex
648 2284 724 2348 viris
745 2284 1026 2350 concumbentibus
1047 2306 1118 2350 oum
1134 2281 1319 2348 mulieribus
1339 2284 1499 2364 unguento

373 2394 430 2460 ant
457 2389 527 2455 oleo
555 2388 713 2455 delibutis.
764 2389 885 2466 Quibus
920 2389 1065 2471 proxima
1095 2389 1320 2457 continuantur
1352 2387 1386 2450 in
1413 2385 1498 2454 huno

374 2491 517 2560 modum:
550 2487 829 2573 ἀναπίμπλανται
852 2491 914 2578 γὰρ
938 2487 1069 2558 αὐτοῦ
1099 2496 1169 2556 ἰοῦ
1190 2489 1371 2580 χριόμοιος
1395 2487 1428 2554 ἐν
1451 2489 1498 2572 τῷ

375 2590 624 2679 συγκαθεύδειν,
639 2585 699 2662 niv
720 2590 766 2679 μὴ
784 2590 909 2677 θίγωσι
931 2593 1015 2679 μηδὲ
1038 2590 1285 2681 προσάψωνται
1303 2593 1366 2658 τῶν
1388 2611 1500 2674 γυναι,

373 2699 448 2766 κῶν.
478 2695 517 2766 111
537 2695 588 2765 his
606 2696 748 2779 proiecto
770 2718 834 2762 non
852 2699 928 2768 satis
944 2703 1014 2765 erat
1029 2695 1184 2781 refingere
1208 2697 1268 2760 ιοῑν
1284 2688 1393 2772 αὐτοῦ,
1411 2693 1498 2764 cuias

373 2801 443 2870 luco
462 2801 609 2870 adeun
631 2800 829 2871 hauddubie
852 2804 1005 2887 scriptum
1026 2807 1109 2866 esset
1131 2792 1263 2868 τοῦτοῦ.
1306 2799 1407 2874 Immo
1429 2819 1499 2867 oum

442 3088 467 3158 *l
486 3088 609 3144 Grasibus
627 3089 794 3147 aPlutarcho
816 3105 921 3154 semper
942 3090 1054 3142 tortasse
1072 3091 1201 3154 usurpatis
1221 3089 1444 3140 adnumerandum
1459 3093 1499 3138 est

299 3240 301 3244 μ
374 3183 451 3232 etiam
470 3171 591 3247 νοῖιμον,
614 3180 722 3232 feliciter
748 3166 878 3232 servatum
906 3183 931 3231 in
952 3179 1042 3248 Symp.
1066 3179 1119 3229 vm
1145 3180 1223 3228 l'raci.
1244 3195 1269 3243 p.
1291 3179 1368 3230 moe.
1406 3181 1442 3228 Αο
1462 3193 1499 3226 re-

374 3267 534 3318 stituendum
552 3265 604 3318 hoo
625 3273 696 3317 esset
714 3266 755 3318 vel
775 3269 831 3316 sine
849 3267 973 3318 librorum
995 3268 1091 3318 indicio
1111 3265 1173 3317 tior.
1185 3279 1212 3330 p:
1226 3265 1312 3327 2361),
1332 3269 1360 3316 ut
1373 3261 1497 3315 Clementi

376 3357 447 3409 Alex.
467 3357 547 3408 Paeti.
569 3359 588 3405 ii
609 3373 634 3422 p.
655 3358 741 3408 2831>
761 3358 963 3422 promaniiesto
982 3358 1044 3416 vitio
1066 3353 1093 3407 ri
1116 3352 1186 3421 ὕψος
1205 3355 1317 3405 reddidit
1341 3353 1424 3406 Cobet
1442 3354 1458 3405 l.
1479 3353 1495 3404 l.

374 3447 443 3498 conl.
461 3446 544 3496 Praei.
565 3446 597 3494 ad
618 3448 682 3496 Νον.
705 3445 773 3497 loct.
793 3463 817 3510 p.
837 3443 908 3510 xlv,
935 3447 955 3496 si
977 3445 1131 3497 Plutarchus
1149 3451 1240 3506 auctor
1257 3449 1327 3495 esset
1347 3442 1498 3508 apophthe-

374 3534 490 3596 gamtam
509 3528 714 3592 ῑιοαοιιὶαοιοιο,
741 3543 827 3594 neque
854 3529 935 3582 homo
961 3531 1004 3592 qui
1025 3547 1057 3580 ne
1075 3529 1207 3580 minimam
1229 3530 1443 3596 quidemcarnis
1464 3529 1496 3580 od

374 3615 506 3676 eiusmodi
530 3614 616 3672 hiatus
639 3617 776 3674 evitandos
802 3617 958 3674 adhibuerit.
1002 3617 1039 3669 Ex
1061 3618 1155 3668 eodem
1181 3633 1277 3682 genere
1301 3624 1341 3673 ost
1364 3612 1498 3685 τᾶλευρον

374 3699 472 3764 inpune
491 3704 622 3750 servatum
635 3715 659 3750 a
677 3700 770 3753 scribis
791 3699 882 3777 Symp.
900 3716 925 3766 p.
946 3701 1031 3752 ceth.
1078 3699 1115 3750 Ex
1140 3703 1232 3752 ceteris
1258 3702 1357 3752 nullum
1377 3703 1438 3753 novi
1456 3719 1499 3752 ex·

374 3785 505 3864 anaplum,
526 3787 596 3851 quod
617 3787 721 3838 felicius
740 3802 881 3838 commune
908 3789 1070 3860 naufragium
1090 3788 1228 3840 e'uctatum
1249 3789 1282 3840 ad
1302 3789 1408 3840 ultimos
1427 3789 1499 3839 dein·

376 3889 439 3941 caps
458 3875 615 3944 Byzantios,
635 3877 759 3942 pristinae
777 3877 892 3942 alioquin
912 3879 1042 3928 sermonis
1060 3879 1160 3930 virtutis
1180 3877 1344 3944 desultores,
1370 3893 1496 3945 propaga-

374 3971 431 4016 tam
450 3965 483 4016 sit
501 3978 580 4028 quam
600 3958 747 4034 τοῦδαφος.
784 3967 868 4030 Atque
901 3973 1045 4020 ceterarum
1063 3971 1139 4022 etiarn
1165 3985 1216 4020 non
1242 3969 1328 4020 nullae
1347 3975 1408 4021 sunt
1431 3983 1498 4034 quae

374 4054 455 4119 longo
475 4055 609 4112 intervallo
626 4061 765 4121 postquam
785 4056 981 4123 obsoleverunt,
997 4060 1022 4112 in
1037 4040 1209 4113 recentiorum
1221 4059 1327 4110 demum
1343 4060 1446 4125 seriptis
1458 4074 1498 4118 re-

374 4148 500 4215 surgant,
528 4157 641 4211 quorum
665 4159 742 4197 nemo
762 4147 864 4210 estqui
886 4147 971 4212 magis
998 4147 1163 4202 exsultaverit
1190 4148 1216 4198 in
1235 4149 1361 4200 memoria
1385 4148 1497 4206 cresium

374 4231 533 4284 exoletarum
550 4233 731 4297 instauranda,
756 4250 834 4305 quam
856 4239 931 4288 Anna
957 4235 1105 4302 comnena,
1138 4238 1208 4302 apud
1227 4252 1306 4303 quam
1328 4255 1380 4288 non
1399 4219 1497 4289 tantum

374 4314 522 4390 τοῦδαφος,
541 4324 722 4382 verumetiam
738 4321 953 4396 αροῠῐρέαοννο,
968 4323 1134 4394 reciperarat,
1152 4319 1311 4393 τοῦσχατον,
1323 4319 1407 4392 κάγώ,
1420 4313 1496 4392 κᾷτα,

373 4409 434 4476 κοξκ,
449 4408 536 4477 κάκεῖ,
556 4405 651 4480 οὑμός,
670 4408 783 4483 τούμόν,
795 4404 939 4484 προῦπτον
955 4421 1004 4466 eto.
1019 4413 1172 4477 aequalibus
1185 4415 1366 4479 prioribusque
1384 4417 1500 4480 exparte

374 4505 476 4567 spreta,
503 4516 556 4550 non
579 4500 682 4552 occulte
707 4501 837 4567 gliscunt,
857 4503 905 4554 sad
924 4503 959 4552 ita
976 4501 1027 4551 lixa
1047 4505 1122 4565 sunt,
1140 4505 1168 4552 at
1190 4513 1321 4566 perpauca
1343 4501 1502 4566 reperiantur

372 4582 501 4650 mattula
516 4589 645 4656 mapa,
665 4589 735 4644 velut
751 4594 789 4650 εἰς
805 4587 835 4643 τὸ
852 4591 978 4659 ἐμφανέα
994 4603 1019 4654 p.
1039 4589 1099 4654 223,
1120 4590 1160 4642 te.
