3534 5392
767 421 980 490 ..·51..

310 581 417 650 locum
436 583 581 650 luxoium
598 607 667 654 esso
682 592 722 652 et
740 588 776 654 in
796 588 880 656 huno
901 588 1029 656 modum
1048 587 1329 674 redintegrandum
1349 587 1433 656 arbi-

310 693 415 754 tracus
430 694 491 754 est:
515 680 551 755 εό
573 688 640 756 καὶ
662 692 795 770 καλῶς
816 691 858 757 τὰ
876 684 956 757 όνιο
978 689 1109 782 κρίνειν.
1139 689 1437 760 Sufficiilenissima

307 794 464 859 correctio
492 784 536 858 εὖ
566 794 636 860 κοιὶ
668 793 771 860 κατὰ
800 795 848 860 τά
877 788 976 861 ὄντα
999 791 1131 884 κρίνειν,
1162 796 1277 882 quibus
1300 795 1438 878 oppositi

307 899 375 964 sint
396 899 482 982 apud
504 899 722 966 Platonem-in
745 900 879 970 Phaedr.
898 921 930 984 p.
952 900 1043 967 262b
1068 897 1104 966 oi
1130 899 1243 990 rcapti
1266 900 1313 964 τά
1337 893 1435 966 ἰόντα

309 1006 357 1070 όο
354 1043 384 1173 b,
394 1002 572 1085 ἄξοντες
593 1005 627 1090 ⁴i.
655 1027 683 1072 e.
717 1006 774 1089 qui
807 1027 896 1074 secus
928 1005 1070 1072 iudicant
1108 1012 1202 1092 eique
1238 1029 1290 1074 res
1326 1028 1436 1074 revera

308 1107 354 1172 ho
377 1110 439 1172 eni.

309 1273 518 1286 nnn-*nnn*-

304 1403 349 1468 tv,
376 1401 391 1452 3
416 1415 442 1468 p.
466 1403 517 1454 470
539 1417 608 1468 sqq„
624 1404 711 1483 'cuius
736 1403 835 1455 nullum
859 1404 928 1470 apud
956 1403 1166 1456 hlordtmunnnm
1193 1409 1260 1457 extet
1284 1408 1433 1472 vestigium.

304 1492 342 1542 hc
362 1489 449 1540 simile
465 1490 592 1554 quiddam
609 1493 704 1555 ettam,
724 1497 802 1555 etque
820 1490 961 1562 zonarum,
980 1491 1102 1558 suspicor
1115 1491 1256 1558 Georgium
1275 1493 1434 1546 monachum

304 1579 405 1630 dietum
423 1578 601 1632 Humortolum
622 1580 790 1646 significasse
808 1581 861 1646 (ed.
873 1579 904 1634 E.
919 1581 953 1632 de
963 1579 1072 1632 Murrlto
1085 1595 1110 1646 p.
1122 1581 1165 1646 28)
1180 1582 1207 1632 in
1220 1580 1276 1634 his:
1291 1559 1435 1652 Ἀμαζόνες
1496 1643 1499 1650 ,

304 1667 335 1720 dt
359 1661 465 1739 άνιλριις
483 1666 670 1744 οὐκᾶχουσιν,
691 1667 748 1720 ἀλλ’
768 1666 855 1729 merri
876 1663 966 1737 άλογα
986 1671 1038 1736 ζῷα
1057 1665 1133 1730 cinni
1157 1672 1206 1722 τοῦ
1225 1671 1352 1724 ἐνιαυτοῦ
1370 1675 1434 1746 περὶ

304 1750 355 1821 τὴν
366 1752 481 1826 ἐαρινὴν
494 1758 640 1826 ἰσημερίαν
660 1751 802 1828 ἑπερόριοι-
816 1760 948 1824 γίνονται,
961 1759 1008 1808 καλ
1026 1750 1197 1826 μιγνόμενιιι
1212 1762 1268 1816 τοῖς
1278 1759 1434 1827 γειτνιῶσιν

303 1841 442 1916 άνιλράσιν
459 1842 496 1904 ὠς
518 1841 676 1916 πανήγυρίν
695 1863 756 1900 τινα
779 1849 825 1897 καὶ
851 1841 1000 1916 [μεγάλην]
1026 1841 1123 1918 ἑορτὴν
1141 1842 1189 1900 τόν
1207 1843 1304 1918 καιρόν
1328 1848 1434 1901 ἐκεῖνον

302 1930 445 2001 ἡγοῦνται,
465 1934 495 1992 ἐξ
513 1922 553 1986 οἷν
567 1932 636 1997 [καὶ]
649 1931 717 1986 κατά
737 1929 856 2005 γαστρὸς
873 1935 1059 1999 συλλαβοῦσαι
1080 1932 1320 2004 πιιλινόρομοῦσιν
1339 1935 1433 1988 otende-

304 2025 402 2074 πιῖσαι.
443 2024 489 2088 Τῷ
506 2022 538 2073 di
558 2023 646 2094 καιρῷ
663 2023 710 2087 τῆς
732 2015 912 2087 ἀποκυήσεως
929 2016 958 2071 τό
983 2019 1037 2090 μὲν
1056 2013 1141 2092 άρρεν
1160 2015 1325 2088 φονεύουσι,
1354 2018 1383 2072 τό
1402 2020 1432 2074 dt

303 2110 376 2174 θῆλυ
393 2109 562 2175 ζῳογονοῦσι
579 2109 626 2158 καὶ
646 2106 782 2175 ἐπιμελῶς
800 2105 990 2176 ἔκιρέφουσιν.
1026 2104 1079 2154 Sed
1099 2106 1206 2156 onrnino
1225 2122 1277 2156 non
1296 2107 1359 2156 sotis
1379 2104 1432 2156 sol-

304 2195 382 2247 lerter
395 2195 489 2260 opinor
503 2195 530 2244 in
542 2192 585 2245 his
603 2194 681 2246 rebus
699 2189 820 2244 versutus
838 2197 878 2242 est
898 2192 936 2242 vir
947 2191 1125 2244 doctissimus.
1162 2192 1200 2242 De
1216 2197 1302 2244 cetero
1319 2196 1434 2264 πατέρες

305 2283 403 2332 eodem
424 2280 502 2346 pinne
525 2281 605 2332 modo
631 2281 764 2346 usurpavit
789 2279 945 2330 Plutarchus
970 2277 1060 2349 Symp.
1084 2279 1117 2346 V,
1144 2282 1169 2346 l,
1191 2281 1250 2346 lp.
1270 2282 1343 2332 onte
1366 2281 1434 2334 ἔνιοι

305 2369 334 2422 di
355 2371 403 2421 καὶ
421 2371 541 2440 πατέρας
559 2368 632 2440 ἔχειν
648 2365 683 2438 όφ
690 2364 801 2438 θαλμόν
818 2364 960 2434 βάσκανον
977 2364 1231 2437 ὑπολαμβάνουσιν.

376 2457 439 2522 Peg.
460 2457 501 2508 24.
520 2471 665 2522 provocare
689 2461 805 2522 poteram
831 2457 865 2506 nd
892 2455 974 2508 Cobet
1002 2455 1098 2508 Mnem.
1121 2456 1187 2506 1859
1208 2473 1233 2522 p.
1253 2457 1316 2509 259:
1343 2462 1432 2510 πείθω

303 2564 334 2600 σε
354 2553 395 2598 est
414 2547 545 2597 indecore
566 2557 593 2596 ιιι
610 2547 716 2609 eredas,
739 2544 883 2600 ἀναπείθω
903 2562 934 2600 σε
961 2547 1059 2612 inpelle,
1076 2565 1205 2611 per-rnnveo
1229 2559 1252 2596 re
1277 2548 1308 2597 ad
1334 2547 1432 2614 ahquid

303 2636 444 2702 egendum.

374 2726 438 2789 Peg.
458 2725 499 2778 28.
519 2722 595 2774 node
613 2721 725 2775 similem
744 2722 833 2774 locum
855 2721 967 2786 Procop.
989 2720 1063 2784 bg.
1084 2718 1116 2783 ll,
1138 2719 1149 2770 l
1170 2735 1195 2785 p.
1219 2720 1276 2783 147,
1295 2719 1311 2769 4
1334 2715 1433 2771 Γότθοι

258 2815 263 2823 ’
303 2814 357 2884 μὲν
375 2802 426 2866 οὖν
443 2814 475 2883 τῇ
493 2828 521 2864 τε
538 2812 620 2881 φωνῇ
644 2804 829 2879 ἐπισπόμενοι
857 2809 904 2859 καὶ
929 2803 1018 2879 ὑπὲρ
1045 2808 1100 2874 τῆς
1124 2801 1330 2876 κατώρυχος
1354 2805 1432 2856 ιλια-

305 2897 484 2968 κόψαντες
509 2893 701 2952 ἐπυνθάνοντο
721 2892 794 2956 ὅστις
816 2895 883 2948 nort
908 2896 981 2962 βοῶν
1001 2897 1054 2960 εἴη,
1074 2894 1149 2945 cuius
1168 2892 1228 2960 loco
1249 2894 1322 2942 Anne
1340 2891 1432 2946 Gemn.

303 3002 329 3054 p.
351 2986 410 3050 121,
428 2986 445 3036 4
462 2983 532 3037 conl.
550 2999 577 3050 p.
597 2983 656 3048 138,
677 2984 688 3034 l
710 2983 773 3033 dixit
790 2975 903 3034 άνωθ-εν
921 2975 1101 3052 προκύπτειν.

379 3077 442 3142 Peg.
461 3075 504 3126 29.
529 3074 579 3126 Pro
605 3074 698 3142 φωτὶ
722 3072 763 3124 vel
786 3066 900 3139 λάχνῳ
924 3074 1018 3138 θιγεῖν
1043 3085 1121 3120 verne
1147 3067 1299 3118 similiorem
1323 3068 1434 3119 iortosse

306 3167 480 3233 proposuisse
497 3164 611 3217 videbor
628 3163 849 3226 emendationem,
869 3162 893 3211 si
912 3159 1096 3224 corrigendum
1110 3173 1218 3208 suasero
1237 3160 1322 3228 πυρὶ
1341 3163 1434 3228 θιγεῖν

308 3260 413 3320 propior
429 3251 519 3320 Symp.
537 3251 572 3316 V,
591 3252 617 3315 t,
636 3252 651 3301 2
671 3266 696 3318 p.
716 3251 788 3302 6810
808 3245 872 3306 τοὺς
889 3244 938 3299 τὸν
956 3242 1088 3310 Μηδικόν
1112 3239 1228 3312 νάφθαν
1247 3240 1434 3310 θαυμάζοντες

307 3345 337 3397 ἐκ
356 3336 543 3410 διαστήματος
562 3335 623 3392 ὑπὸ
644 3341 704 3392 τοῦ
724 3333 834 3409 πυρός
852 3327 1095 3403 ἀναφλεγόμενον.
1133 3330 1190 3382 lloc
1209 3345 1271 3382 sane
1290 3330 1330 3380 vel
1350 3331 1435 3396 prima

307 3432 393 3483 ironte
417 3430 539 3493 udpnret,
563 3427 727 3479 librariorum
754 3423 831 3489 culpa
855 3421 953 3486 aliquid
977 3424 1108 3471 extrusum
1136 3433 1209 3479 essc;
1234 3416 1282 3467 sed
1308 3415 1384 3479 quale
1407 3416 1435 3466 ld
1499 3451 1500 3454 ,

307 3517 383 3570 inerit
399 3520 537 3582 propterea
553 3516 721 3580 potissimum
742 3513 885 3574 incertum,
907 3508 978 3574 quod
1004 3506 1085 3558 multu
1110 3506 1274 3558 comminisci
1303 3504 1357 3569 pari
1375 3519 1435 3570 pro-

307 3606 443 3659 babilitate
462 3603 532 3656 licet

379 3693 442 3759 Peg.
467 3693 509 3744 30.
543 3692 705 3742 Praetereo
731 3704 799 3753 quoe
822 3689 858 3738 nd
881 3685 1066 3739 stabiliendam
1093 3682 1272 3749 suspicionem
1290 3695 1376 3730 meam
1402 3679 1437 3733 ln

307 3776 513 3851 Νωνάκριδι
533 3777 789 3849 τῆςῖλρκαιλιας
812 3770 920 3842 οόσης
937 3776 964 3826 in
984 3773 1100 3824 medinm
1118 3769 1217 3837 prolato
1235 3775 1304 3834 sunt,
1320 3783 1437 3820 comme-

306 3886 408 3921 morare
427 3868 557 3922 debebam
579 3865 751 3935 Porphyrium
769 3865 838 3930 opud
857 3861 932 3916 Stob.
953 3861 1008 3914 Eel.
1028 3859 1104 3928 phys.
1122 3860 1134 3936 l
1155 3874 1179 3924 p.
1195 3858 1254 3922 309,
1270 3858 1301 3907 28
1315 3855 1348 3908 hl.
1363 3852 1438 3916 Στὺξ
1471 3891 1475 3898 -

308 3961 338 4014 tr
349 3963 515 4031 Νωνακρίνῃ
534 3959 590 4019 τῆς
604 3954 791 4027 Ἀρκαδίας
810 3949 883 4025 ὕδωρ
899 3951 955 4004 ἐστὶ
969 3945 998 4002 τό
1017 3942 1168 4000 ιλιακόπτον
1183 3941 1273 3998 πάντα
1292 3941 1323 3996 τά
1338 3942 1437 4014 άγγεΐα

306 4047 380 4117 πλὴν
396 4050 452 4103 τῶν
469 4051 619 4118 κερατίνων
638 4051 664 4097 ct
682 4044 782 4097 Vitruv.
803 4045 836 4094 de
854 4041 945 4096 erchil.
966 4039 1032 4102 Vlll,
1052 4039 1077 4104 3,
1099 4038 1145 4090 16:
1170 4038 1231 4088 item
1257 4041 1296 4087 est
1315 4037 1339 4087 in
1357 4037 1439 4092 Area,-
1495 4073 1506 4092 .

308 4140 355 4190 dio
372 4137 503 4189 Nonacris
521 4135 653 4187 nominata
670 4140 752 4186 terrne
768 4133 856 4196 regio,
882 4143 950 4194 quoe
975 4125 1055 4180 habet
1072 4126 1098 4176 in
1119 4124 1251 4192 montibus
1270 4139 1285 4172 e
1303 4137 1366 4173 sexo
1386 4122 1439 4174 stil-

308 4229 391 4281 lantes
410 4226 597 4292 frigidissimos
615 4223 748 4275 humores.
777 4220 850 4283 Quae
869 4217 1020 4271 testimonia
1045 4216 1079 4268 nd
1097 4220 1211 4266 nostram
1232 4227 1338 4266 causam
1359 4228 1439 4278 appo-

308 4311 435 4365 sitissime
452 4315 521 4361 eunt.

377 4398 478 4450 Eadem
500 4388 596 4463 pagine
616 4396 650 4447 ud
668 4395 749 4447 verbu
767 4377 870 4460 ὥσπερ
882 4392 958 4455 κηλίς
982 4405 1033 4445 τις
1055 4380 1212 4456 πρόσεστιν,
1242 4386 1266 4436 in
1287 4385 1383 4450 quibus
1402 4401 1441 4441 τις

309 4484 425 4540 Ζουιιιοο
449 4482 580 4536 beneflcio
605 4482 719 4534 accrevit
742 4475 896 4540 Plutarcho,
923 4474 1004 4525 hodie
1029 4487 1089 4524 eum
1112 4486 1203 4524 reeens
1223 4473 1273 4522 sim
1292 4485 1307 4520 ιι
1324 4469 1438 4520 lectione

311 4573 401 4626 Sancti
419 4570 609 4641 chrysostomi,
629 4568 776 4620 addiderim
792 4565 864 4616 hom.
884 4561 894 4611 l
912 4562 946 4612 ad
965 4559 1052 4627 popul.
1071 4558 1191 4612 Antioch.
1210 4573 1235 4626 p.
1249 4556 1310 4622 335,
1324 4555 1356 4605 53
1376 4551 1443 4612 ὅταν

1219 4663 1257 4720 4*
