3534 5392
796 457 1030 519 -104-

362 623 404 690 sit
423 621 606 706 pervulgato
627 621 788 700 schemati,
810 619 895 704 quod
915 623 1100 700 nuncupant
1113 622 1230 701 portem
1241 637 1299 699 pro
1314 619 1377 691 toto,
1398 631 1493 678 nemo
1551 653 1556 660 -

363 731 448 793 certe
476 725 679 791 Plutarchum
709 725 851 791 dicturus
882 729 930 790 est
956 724 1052 788 nimis
1081 722 1202 788 urbane
1223 719 1404 786 blanditum
1425 739 1494 784 esse

363 833 413 900 vel
439 832 616 898 sublimiter
643 832 910 914 philosophatum.
954 829 1017 897 Sed
1041 851 1092 896 res
1119 829 1206 895 salva
1233 833 1299 907 est3
1330 847 1494 909 nunquam

365 937 450 1003 enim
471 934 610 1000 adducor
639 942 675 1000 ut
704 936 865 1002 hominem
893 957 1042 1020 graecum
1068 939 1136 999 tam
1162 933 1335 998 inhumane
1365 935 1495 1015 tamque

365 1064 479 1125 parum
499 1041 660 1126 eleganter
683 1043 831 1126 cuiquam
849 1042 1059 1112 conviciatum
1078 1029 1176 1106 finisse
1198 1039 1340 1116 credam,
1372 1037 1427 1122 qui
1447 1036 1499 1103 vel

371 1149 421 1214 ira
441 1147 527 1213 inter
549 1146 718 1213 dicendum
740 1148 970 1227 effervescente,
993 1146 1160 1213 ventriculi
1182 1146 1309 1211 nomine
1328 1165 1403 1209 usus
1428 1143 1495 1208 fue·

365 1248 410 1312 rit
430 1247 471 1312 ad
493 1248 698 1314 contumelias
718 1250 913 1331 petulantius
936 1249 1100 1316 iactandas
1120 1250 1156 1314 in
1174 1250 1336 1315 hominem
1351 1248 1495 1333 quisquis

368 1353 473 1429 luerit
495 1352 720 1435 philosophum
738 1353 788 1421 vel
809 1377 873 1420 non
893 1354 1125 1438 philosophum.
1168 1353 1270 1437 quue
1299 1353 1378 1419 scite
1398 1352 1492 1418 intel·

369 1451 482 1518 lenisse
504 1452 653 1518 videntur
673 1453 729 1536 qui
756 1447 919 1536 στόμαχοι
947 1474 1006 1535 pro
1034 1455 1184 1534 corrupto
1213 1451 1383 1518 habebant.
1433 1449 1497 1516 Sed

369 1575 472 1636 neque
491 1553 717 1638 Wyttenbachi
740 1551 909 1634 στωμύλοι
929 1560 1004 1637 apte
1025 1553 1205 1620 adhibitum
1224 1552 1349 1619 videtur
1367 1539 1406 1619 de
1421 1573 1494 1618 con-

371 1655 516 1720 tentiosis
536 1654 741 1738 philosophis,
762 1654 818 1737 qui
840 1655 1054 1736 sophistarum
1071 1655 1173 1720 instar
1190 1653 1259 1738 (cfr.
1274 1653 1354 1718 Plut.
1369 1653 1494 1719 Themi-

370 1759 458 1824 stocl.
481 1779 505 1823 c.
531 1763 562 1841 2)
586 1758 739 1823 contortis
758 1757 1061 1842 interrogationibus
1080 1762 1137 1823 aut
1154 1757 1417 1823 conclusiunculis
1438 1756 1496 1822 fal·

369 1860 490 1928 lacibus
511 1861 673 1928 auditores
694 1863 816 1929 retibus
836 1863 927 1946 quasi
948 1862 1108 1929 involvere
1129 1863 1314 1929 nitebantur
1336 1863 1404 1943 (cfr.
1422 1861 1496 1928 (he-

371 1959 479 2026 sollius
500 1961 615 2028 theatr.
631 1969 691 2030 vet.
707 1964 788 2029 rhet.
811 1963 844 2027 II
858 1985 889 2046 p.
907 1964 1059 2051 118P.)*)‚
1080 1985 1183 2049 neque
1204 1964 1346 2031 eiusdem
1367 1964 1500 2032 editoris

371 2067 504 2148 suspitio
527 2063 562 2132 αὶ
584 2070 739 2134 ιοιαῦιαι
754 2065 952 2152 σκιαμαχίαι
970 2069 1039 2156 (cfr.
1056 2069 1136 2137 Plut.
1149 2070 1218 2136 adv.
1236 2071 1333 2136 Colot.
1346 2093 1375 2155 p.
1390 2079 1501 2139 litte

373 2168 403 2236 εὶ
423 2169 476 2259 μὴ,
485 2171 653 2255 βούλεσθε
676 2179 786 2253 κεναῖς
807 2179 936 2261 φωναῖς
958 2175 1036 2265 περὶ
1057 2179 1153 2241 κενοῦ
1171 2178 1338 2265 χρῆσθαι,
1372 2199 1494 2241 σκια-

373 2279 610 2356 μαχοῦντες
642 2275 726 2367 πρὸς
757 2273 1024 2364 τούςίλρχαιόυς
1051 2280 1130 2346 conl.
1152 2300 1182 2361 p.
1205 2279 1310 2365 900f)
1337 2279 1501 2346 commode

373 2381 531 2445 κολοιῶν
554 2377 751 2469 ἐρωτώντων
779 2385 863 2446 stare
884 2382 1002 2463 potuit,
1030 2382 1203 2468 eademqne
1231 2389 1416 2462 causaest,
1443 2405 1501 2450 cur

271 2547 273 2550 .
350 2484 535 2550 'Maziriaci
555 2483 787 2574 λικιολογίαι,
816 2487 903 2570 quod
923 2488 964 2552 ad
992 2489 1182 2554 sententiam
1206 2489 1286 2555 adeo
1302 2489 1383 2571 ‘veri
1412 2489 1498 2554 simi-
1620 2531 1625 2538 -

377 2589 439 2657 lius
466 2591 679 2676 excogitatum
707 2591 808 2658 videri
834 2592 949 2675 possit,
979 2591 1175 2658 reiciendum
1201 2612 1271 2657 esse
1300 2591 1499 2658 crediderim.

377 2692 532 2776 Equidem
561 2714 597 2758 ro
627 2690 777 2758 adcurate
805 2713 962 2775 perpensa
986 2713 1050 2756 non
1070 2691 1182 2757 dubito
1213 2690 1292 2775 quin
1316 2689 1405 2759 aliud
1422 2690 1501 2774 quid

374 2795 518 2876 posuerit
535 2793 724 2859 Plutarchus
755 2798 788 2858 et
810 2794 886 2859 olim
907 2793 948 2859 ad
971 2793 1162 2858 sententiam
1187 2795 1320 2876 peropto
1347 2791 1502 2874 scriptum

375 2892 471 2957 fuerit
493 2887 670 2982 οὐδὲνγὰρ
693 2891 726 2958 oi
748 2893 897 2958 τοιοῦτον
920 2886 1164 2977 λομομάχοι
1186 2892 1406 2982 διαφέρουσι,
1428 2895 1498 2978 qni-

375 2995 434 3062 bus
456 3016 593 3078 conpare
613 3001 741 3080 praeter
762 3018 800 3062 ea
812 3017 894 3080 quae
913 2997 1023 3064 adlata
1036 3003 1110 3063 sunt
1123 3021 1145 3065 a
1161 2997 1326 3064 Dindorfio
1346 2999 1381 3064 in
1392 2987 1501 3082 Steph.

376 3097 466 3165 Thes.
478 3119 501 3166 S.
513 3120 549 3177 u,
560 3097 638 3164 Plat.
650 3097 728 3163 Tim
739 3118 768 3180 p.
776 3099 844 3164 ssa
864 3095 1002 3180 διδαχάς
1023 3090 1050 3163 ι’
1067 3088 1108 3164 αὖ
1132 3094 1190 3162 καὶ
1208 3096 1317 3180 μάχας
1339 3095 1373 3164 ἐν
1388 3094 1515 3183 λόγους

376 3203 563 3279 ποιεῖσθαι,
588 3199 702 3266 Conon.
725 3222 810 3266 narr.
832 3202 873 3268 38
895 3194 940 3278 ὥς
963 3200 999 3266 δὲ
1017 3200 1102 3282 posci
1125 3198 1251 3285 πολλὴν
1272 3195 1342 3287 ἔριν
1364 3199 1421 3264 καὶ
1441 3199 1502 3265 λο-

377 3302 539 3392 γομαχιάν
560 3300 577 3371 ὁ
600 3304 772 3393 Μιλήσιος
794 3301 841 3383 εἰς
863 3303 963 3395 ὅρκον
985 3304 1041 3372 cdv
1064 3291 1241 3372 dilancino
1263 3298 1497 3394 aporiari-eico,

378 3413 477 3495 Epist.
506 3412 548 3478 ad
572 3412 707 3481 limoth.
727 3411 756 3489 Ι,
780 3416 808 3489 6,
831 3418 850 3478 4
871 3411 973 3496 μηδὲν
1005 3405 1246 3494 ἐπιστάμενος,
1278 3403 1366 3476 ἀλλὰ
1395 3412 1502 3478 νοσῶν

379 3509 455 3598 περὶ
479 3506 628 3596 ζητήσεις
647 3507 702 3574 καὶ
724 3505 928 3595 λογομαχίας
946 3514 980 3574 et
998 3532 1080 3594 quae
1101 3533 1142 3576 ex
1162 3509 1334 3576 serioribus
1355 3510 1397 3575 ad
1417 3510 1503 3576 hunc

330 3603 332 3610 ’
361 3614 480 3680 locum
493 3613 584 3680 docte
599 3612 758 3698 congessit
767 3611 954 3692 Wettstein,
974 3611 1073 3694 veluti
1084 3611 1180 3680 Mich.
1196 3609 1337 3694 Apostol.
1349 3607 1435 3685 XIV,
1459 3613 1500 3674 62

378 3711 525 3796 πόλεμός
546 3738 596 3790 ιις
617 3707 777 3802 ἀσίδηρος
807 3706 869 3778 circi
899 3713 956 3799 erio
974 3707 1117 3776 Ἑλλάδα
1150 3707 1335 3798 κεκλνηταιι
1360 3709 1502 3778 ἐπὶτῶν

376 3817 482 3908 λόγων
505 3821 710 3906 μαχομένων·
751 3815 837 3886 otico
866 3817 930 3908 μολρ
960 3815 1044 3896 ἔθος
1073 3821 1143 3895 τοῖς
1171 3820 1292 3904 σοφοῖς
1326 3811 1501 3899 μάχεσθαι

379 3922 464 4013 νιρός
495 3919 658 4011 ἀλλήλους
690 3929 749 3992 etc.
793 3923 894 4007 Super
927 3930 997 3990 erat
1030 3924 1065 3989 in
1096 3922 1204 3989 codice
1236 3921 1410 4006 archetypo
1432 3971 1438 3984 .
1463 3970 1500 3988 ..

378 4030 621 4108 ΓΟΜΛΧΟΙ,
646 4030 727 4096 unde
749 4028 922 4097 monachus
942 4030 1071 4115 gulosus
1091 4029 1187 4095 homo
1215 4033 1249 4094 et
1268 4032 1305 4093 ut
1324 4027 1423 4094 sacris
1441 4026 1499 4092 mi-

378 4153 584 4165 *—

454 4215 479 4280 *l
503 4221 538 4270 lta
549 4221 624 4271 Anna
636 4217 769 4272 comnena
782 4221 852 4274 Alex.
861 4221 894 4288 V,
908 4223 923 4274 8
942 4239 967 4288 p.
980 4223 1046 4288 259,
1063 4222 1079 4272 3
1099 4222 1132 4273 de
1150 4221 1257 4286 Latino,
1276 4220 1412 4274 Michaelis
1422 4221 1503 4272 Pselli

377 4307 492 4373 aequali,
518 4309 581 4360 dixit
605 4305 765 4378 λμβαθύνας
789 4311 819 4363 δὲ
843 4313 875 4383 τῇ
900 4311 1056 4383 διαλεκτικῇ
1079 4306 1286 4379 μεθημερινοὺς
1308 4305 1446 4378 θορύβους
1471 4310 1502 4359 ἐν

377 4389 535 4465 πανδήμοις
546 4391 746 4450 συνελεύσισιν
766 4399 893 4464 ἐποιεῖτο,
914 4394 1078 4468 σοφιστικὰς
1096 4401 1233 4466 συνείρων
1253 4396 1417 4464 ἔρεσχελίας,
1438 4410 1500 4444 can·

378 4487 491 4551 demque
507 4485 647 4538 verborum
665 4485 840 4538 velitationem
859 4486 1023 4552 exprobravit
1042 4483 1169 4550 sophistis
1182 4482 1271 4536 loono.
1282 4480 1416 4551 chrysost
1426 4481 1461 4534 de
1472 4479 1503 4532 S.

377 4574 475 4644 Babylo
491 4589 517 4640 p.
535 4574 596 4638 215,
616 4573 632 4623 9
651 4577 696 4627 καὶ
714 4569 807 4644 λόγων
824 4568 931 4646 ἄμαχοι
948 4577 1088 4644 σοφισταί.
1283 4567 1285 4571 ’
