3534 5392
823 496 1051 558 -100-

376 647 500 747 ἧττον
528 653 726 748 ἓσαίασιν
756 663 1025 749 παρέχουσιν
1054 650 1197 746 ἢτοῖς
1220 653 1350 726 αὐτῶν
1373 650 1504 722 ἀνιού-

378 785 471 828 ουσι
502 761 572 828 καὶ
600 759 1009 845 μεταλαμβάνουσιν
1031 763 1052 832 i.
1075 783 1102 831 e.
1135 787 1190 829 οοο
1213 771 1315 830 minuo
1341 782 1504 829 εααααιιο

378 873 464 954 dapes
481 873 623 955 aaron
632 869 771 954 praebent
786 870 854 952 (vel,
876 875 914 935 ut
930 875 978 935 est
993 870 1079 953 apud
1093 870 1247 951 Plautum,
1266 893 1408 937 εονιοοοεε
1426 871 1507 934 eden-

377 978 427 1040 dos
441 977 528 1058 doct)
537 980 580 1039 αιέ
593 979 646 1059 qai
660 977 776 1038 adauct
791 995 808 1037 α
822 995 904 1052 cecc,
927 995 1013 1057 ουσαν
1028 977 1082 1059 qui
1093 980 1172 1058 epaon
1187 979 1252 1041 illoc
1265 997 1408 1040 ειννοοοοι
1417 993 1505 1057 prae-

377 1081 470 1140 sentes
486 1077 590 1139 σιιᾱινα
605 1059 757 1159 mamque
769 1079 897 1158 conpotes
908 1076 985 1156 fieri
992 1081 1160 1159 pumat.
1195 1077 1282 1155 Quae
1296 1079 1366 1143 sine
1379 1079 1503 1141 contro·

378 1179 482 1246 versia
500 1184 636 1262 perapta
657 1183 705 1245 est
721 1179 887 1258 sententia.
908 1179 1071 1246 Platonico
1086 1203 1203 1262 rursus,
1224 1185 1260 1248 ni
1280 1183 1382 1260 fallor,
1401 1181 1507 1246 colore

379 1286 564 1364 temperata
594 1281 675 1348 on:
666 1283 812 1366 inprimis
823 1283 993 1365 Timaeum.
1015 1307 1055 1352 ex
1066 1306 1130 1371 quo
1143 1289 1341 1355 sescentiens
1353 1284 1508 1354 sermonis

379 1384 501 1452 lumina
528 1386 662 1469 sumpsit
683 1386 885 1467 Plutarchus,
914 1409 944 1470 p.
968 1388 1039 1456 271)
1062 1391 1184 1468 τελέως
1199 1414 1242 1459 τε
1263 1416 1321 1458 και
1312 1389 1508 1491 λαμπρῶς

380 1485 474 1556 ἔοικα
499 1484 808 1582 ανιαπολήψεσθαι
829 1489 900 1578 τὴν
925 1494 1003 1556 τῶν
1032 1488 1203 1579 λόγων
1190 1492 1386 1561 εστίασιν
1412 1471 1446 1560 dt
1465 1488 1507 1556 de

380 1611 447 1675 rcp.
469 1590 567 1674 IXp
589 1587 721 1658 571d
708 1613 865 1670 εστιασας
887 1588 994 1678 λόγων
1024 1593 1134 1660 καλῶν
1162 1595 1218 1661 καὶ
1251 1595 1405 1686 σκέψεων
1425 1591 1506 1658 coni
1540 1661 1545 1668 ,

381 1693 461 1761 Plut.
440 1693 588 1780 tSymp.
610 1691 681 1774 VIL
705 1697 733 1772 8,
755 1701 775 1761 4
795 1714 826 1777 p.
848 1700 936 1762 7130
964 1700 997 1761 et
1023 1717 1105 1781 quae
1133 1698 1198 1764 alia
1229 1699 1375 1783 exempla
1406 1696 1512 1765 adfert

380 1799 645 1885 Wpttenbachius
659 1799 701 1865 ad
715 1799 797 1865 Plut.
814 1800 892 1868 Mor.
906 1807 988 1882 plo
998 1801 1028 1881 b,
1049 1802 1165 1886 quibus
1179 1805 1262 1871 eddo
1283 1805 1402 1871 similia
1426 1800 1512 1888 apud

381 1904 495 1970 Athen.
520 1904 583 1971 VII
604 1925 634 1988 p.
657 1909 752 1971 2700·
782 1903 892 1992 τροφὴ
914 1901 976 1993 γὰρ
1004 1907 1110 1996 ψυχῆς
1132 1903 1228 1994 λόγον
1261 1905 1361 1974 καλοί
1390 1902 1509 1972 conll

382 2008 1010 2094 p.nbV1p.nosdv11p.275a.*)
1054 2012 1100 2078 Ut
1120 2013 1219 2098 igItur
1238 2014 1273 2079 in
1298 2014 1351 2079 his
1376 2011 1510 2089 librarii

382 2140 455 2184 cum
474 2118 659 2185 novissimas
685 2115 927 2201 paiticipior'um
957 2118 1094 2204 syllabas
1122 2121 1303 2188 indiscretis
1331 2122 1398 2189 fere
1420 2120 1510 2206 siglis

382 2223 545 2298 notarent,
566 2220 746 2286 temeritate
768 2241 824 2285 sua
845 2220 950 2286 locum
970 2222 1074 2289 tribus
1095 2229 1302 2307 quattuorve,
1322 2247 1394 2292 cum
1413 2224 1511 2292 semel

381 2321 526 2405 ingressa
539 2324 622 2386 esset
637 2320 859 2403 corrumpendi
873 2321 940 2399 via,
959 2321 1169 2406 inquinarunt
1188 2326 1330 2392 vitiis-
1343 2335 1419 2392 nam
1435 2347 1506 2410 per·

382 2423 456 2490 iude
475 2424 570 2515 plane
591 2428 640 2490 est
659 2444 718 2507 per
738 2445 804 2503 eos,
830 2426 988 2510 quomodo
1010 2428 1091 2514 sigla
1108 2430 1306 2497 resolvantur
1328 2470 1384 2512 —,
1410 2432 1511 2497 itain

383 2529 446 2597 alio
467 2529 536 2596 loco
558 2550 622 2596 non
644 2535 711 2595 tam
732 2530 900 2597 miraberis
921 2531 1139 2598 soloecismum
1168 2536 1219 2602 vel
1246 2537 1326 2603 adeo
1346 2536 1509 2602 licentiam

377 2635 540 2704 sublestae
554 2635 747 2722 graecitatis,
768 2656 864 2720 quam
880 2635 1039 2702 inscitiam
1054 2638 1236 2719 scribarum,
1259 2661 1330 2704 cum
1342 2660 1442 2722 parua
1457 2639 1508 2703 vel

382 2743 471 2810 nulla
495 2743 655 2825 potiorum
681 2742 836 2809 librorum
865 2743 1060 2810 dissensione
1088 2746 1176 2831 (nam
1198 2746 1237 2812 de
1258 2746 1342 2813 libro
1363 2746 1508 2812 Palatino

382 2849 462 2914 mihi
483 2847 611 2932 quidem
631 2867 695 2912 non
717 2847 794 2913 satis
812 2850 882 2912 tuta
904 2846 995 2932 fides)
1017 2847 1052 2912 in
1073 2847 1178 2934 Symp.
1194 2849 1283 2930 VIII,
1297 2855 1325 2929 9,
1343 2855 1362 2917 3
1378 2869 1408 2931 p.
1416 2848 1508 2916 7341)

382 2951 535 3035 scriptum
554 2952 597 3016 sit
618 2947 654 3015 αὶ
671 2949 707 3017 δὲ
723 2951 882 3015 Γαλατῶν
902 2956 1051 3037 γυναῖκες
1074 2948 1121 3030 εἰς
1137 2951 1178 3018 τὰ
1196 2953 1359 3037 βαλανεῖα
1382 2948 1510 3020 πόλτου

380 3050 502 3142 χύτρας
526 3047 809 3139 εἰςφέροντε-ς.
865 3051 1063 3135 Quamquam
1083 3073 1148 3118 non
1168 3055 1293 3120 nescius
1313 3073 1387 3143 sum·
1404 3054 1507 3120 simile

382 3159 583 3242 quantumvis
605 3155 736 3223 dubium
760 3157 972 3240 comptionis
991 3148 1171 3241 exemplum
1191 3158 1311 3226 adferri
1326 3182 1367 3226 ex
1381 3160 1508 3238 Quaest.

381 3264 490 3332 Graec.
515 3287 541 3333 o.
567 3269 607 3332 56
628 3284 660 3347 p.
683 3269 779 3332 note
806 3265 871 3328 ἰῶν
902 3263 939 3330 δὲ
962 3264 1194 3350 φονευθέντων
1219 3266 1260 3330 de
1276 3265 1509 3346 „Amazonibus

381 3371 441 3450 cui,
463 3371 490 3436 si
510 3370 603 3436 modo
624 3369 750 3454 integra
778 3371 827 3434 est
855 3366 1010 3451 Stephani
1037 3369 1145 3450 lectio,
1175 3374 1353 3454 promptior
1373 3371 1508 3438 fortasse

380 3485 495 3564 parata
514 3480 577 3546 erit
598 3478 758 3545 excusatio
780 3476 820 3543 ab
848 3477 889 3542 iis
916 3498 996 3562 quae
1026 3477 1066 3544 de
1087 3469 1330 3562 participiorum
1351 3499 1417 3546 non
1438 3501 1503 3546 mo-

380 3591 486 3652 torum
504 3607 565 3651 usu
584 3583 772 3668 praesertim
793 3582 878 3664 apud
898 3584 1066 3666 scriptores
1095 3586 1164 3651 aevi
1184 3584 1349 3670 byzantini
1370 3586 1502 3651 adnota-

381 3691 428 3756 vit
448 3689 625 3757 Lobeokius
646 3689 681 3756 in
702 3688 856 3774 Aglaoph.
879 3708 910 3771 p.
933 3694 995 3757 216
1015 3694 1048 3755 et
1068 3689 1204 3774 Paralip.
1226 3715 1257 3777 p.
1280 3698 1351 3772 550,
1375 3691 1508 3777 (iniuria

347 3856 349 3862 .
382 3792 476 3860 credo
505 3794 682 3878 inpugnata
710 3813 730 3858 a
758 3790 967 3877 Bernhardyo
1002 3814 1029 3858 v.
1059 3792 1096 3858 ol.
1125 3793 1160 3857 in
1187 3793 1323 3877 Paralip.
1354 3801 1435 3880 synt.
1460 3815 1506 3880 gr.

381 3921 412 3985 p.
436 3903 507 3985 36),
538 3901 573 3966 in
591 3904 683 3965 tanta
704 3902 870 3982 praetcrea
888 3897 1052 3981 scriptoris
1072 3899 1188 3964 harum
1206 3899 1430 3985 quaestionum·
1447 3921 1502 3965 ne-

381 4005 555 4091 glegentia,
582 4024 647 4070 non
673 4002 770 4069 semel
797 4001 938 4068 saniores
964 4001 1105 4068 melioris
1134 4001 1249 4069 aetatis
1269 4001 1388 4068 formas
1409 4000 1503 4067 oblit-

351 4342 353 4346 ,
449 4291 475 4358 *l
494 4291 587 4362 Ὀφθα
570 4288 760 4362 λμους
686 4290 760 4344 ἐστ
750 4289 855 4344 edixit
869 4290 983 4343 Bactrus
996 4291 1031 4342 de
1041 4291 1093 4358 leg
1107 4291 1165 4344 libr.
1177 4297 1246 4357 gent.
1261 4291 1324 4344 c.9:
1335 4287 1376 4359 μὴ
1390 4290 1506 4361 ὀ-ψθαλ

380 4399 437 4454 μου
421 4377 542 4440 trram
515 4381 562 4432 ιεῖν
564 4383 684 4475 spica
675 4372 842 4438 ’τόποιςνω
805 4379 935 4430 νῶαυνθ
900 4397 977 4448 αμα
979 4397 1081 4432 ruccas)
1049 4379 1504 4440 aedrrtndrtteccret'lheodoret.

381 4471 425 4526 rel
444 4441 1111 4542 οιεαρ1154νομαθεετοῖςόφθαλμοῖ-ς
1127 4464 1197 4540 μήτε
1216 4471 1342 4545 τῶουρα
1344 4475 1426 4539 νίῳκ
1409 4465 1505 4524 arietis

380 4561 480 4628 κατῷὶ
498 4555 769 4630 ιωνασνωιέρνὲοτ
770 4559 874 4624 θαῆναι
889 4559 973 4629 χορῷ.
1017 4557 1346 4624 ApudLibcniumIouc
1318 4556 1505 4628 αἱ,ὖῖνεωχε-

380 4655 448 4704 σθαι
466 4648 560 4704 similis
579 4664 660 4703 sensu
677 4648 788 4715 figurato
807 4652 932 4714 usurpata
949 4648 1076 4702 omnibus
1092 4649 1195 4715 paginis
1213 4654 1364 4704 occurrunt.
