3534 5392
602 492 942 561 ,-21-

280 642 501 735 ἀγωνιεῖσθαι
525 671 590 717 non
621 654 890 739 διαγωνιεῖσθαι,
925 658 962 719 ut
978 652 1069 724 tfelso
1098 655 1220 722 noterit
1247 655 1403 740 sinleum

279 755 365 840 quod
393 777 465 821 cum
486 753 590 822 scribo
619 778 684 823 non
704 742 772 824 esse
794 758 967 824 verendum
988 763 1079 841 puto,
1108 781 1148 825 ne
1170 759 1210 825 de
1240 760 1407 842 praecium

279 857 400 942 egregii
426 858 487 922 viri
512 857 607 924 lande
635 859 805 943 quicquam
829 857 999 926 detrahere
1027 860 1259 926 inreverentiae
1288 860 1405 926 videar.

281 961 312 1028 (l.
334 969 354 1030 7
375 963 545 1030 mtioulum
570 963 661 1028 iuxta
681 985 754 1028 oum
775 964 889 1030 ceteris
911 963 1030 1029 omittit
1050 967 1124 1030 ente
1151 960 1327 1028 Καύκασον
1350 963 1403 1030 de·

276 1062 416 1148 levitque
437 1085 509 1131 eum
531 1063 672 1131 Sintenis
692 1085 765 1130 cum
786 1065 905 1130 eisdem
925 1065 1017 1131 libris
1043 1065 1078 1132 in
1100 1085 1189 1148 conp.
1211 1066 1354 1132 Demetri
1373 1072 1407 1133 et

277 1162 396 1229 Antoni
414 1186 441 1232 c.
466 1172 500 1246 13
530 1185 597 1247 cap.
618 1169 638 1231 8
660 1186 718 1248 pro
738 1164 865 1250 volgato
887 1166 1166 1255 προαισθομένου
1185 1165 1246 1250 μὲν
1271 1159 1406 1244 οὐδενός

276 1265 396 1353 legitur
410 1266 688 1355 προαισθομένου
704 1265 847 1352 μηδενός
861 1271 895 1334 et
908 1272 1036 1350 praeter
1050 1267 1111 1334 hoc
1132 1259 1229 1348 nihi13
1251 1289 1275 1332 o.
1290 1273 1309 1336 9
1327 1267 1406 1334 item

152 1386 154 1390 ·
277 1364 441 1432 Palatinus
457 1366 591 1449 praebet
613 1363 787 1448 ἑβοόλετο;
812 1389 879 1450 cap.
899 1369 1065 1434 rescribit
1086 1367 1166 1458 περί
1187 1368 1224 1434 δέ
1241 1367 1318 1447 τούς
1336 1373 1404 1449 βω-

277 1467 361 1554 μοδς
375 1468 519 1536 ἐκείνων
530 1471 645 1537 omisso
666 1472 801 1537 articulo
822 1477 897 1540 ente
908 1470 1068 1559 ,ίκείνωνς
1091 1473 1203 1541 eodem
1216 1475 1317 1540 inciso
1330 1474 1402 1540 sub-

277 1577 438 1646 ministrat
461 1599 526 1644 nou
542 1584 580 1644 ut
599 1577 739 1644 Sintenis
758 1580 881 1644 notarit
898 1579 932 1645 ἐν
947 1575 1030 1667 χλόῃ
1046 1579 1280 1667 κατέφθειρεν,
1299 1579 1355 1647 sed
1371 1578 1405 1644 ἐν

275 1705 305 1762 χ.
318 1682 543 1770 διέφθειρα,
565 1682 651 1766 quod
665 1703 759 1749 nemo
780 1684 951 1766 spreverit3
973 1705 998 1750 o.
1014 1688 1052 1750 18
1067 1684 1103 1749 in
1116 1684 1221 1750 verbis
1235 1683 1291 1749 καὶ
1307 1679 1405 1749 αὐτοὶ

277 1785 420 1868 βασιλέα
450 1784 507 1852 τόν
537 1786 749 1868 Πτολεμαῖον
777 1787 898 1852 omittit
928 1786 1112 1867 articulum3
1154 1809 1179 1852 c.
1213 1792 1251 1853 19
1283 1778 1404 1873 ἤμελλε

276 1889 438 1954 invenitur
458 1890 556 1955 etium
583 1891 619 1954 in
639 1891 737 1956 Pelet
759 1896 796 1955 ut
816 1912 841 1956 c.
864 1895 906 1957 20
926 1893 986 1956 τοῦ
1005 1894 1164 1979 θαρρεῖν,·
1194 1912 1219 1954 c.
1242 1895 1283 1957 20
1305 1888 1405 1956 codex

278 1989 423 2057 sollemni
445 1991 689 2057 commutatione
716 1990 833 2074 quippe
862 1981 926 2073 per
942 2012 1050 2056 omnes
1071 1990 1170 2057 libros
1199 1991 1405 2056 disseminata

276 2090 376 2157 hebet
396 2088 692 2180 τορνεόοντες,
721 2112 831 2176 margo
852 2091 1021 2173 pallidiore
1049 2112 1134 2156 nunc
1163 2097 1294 2175 propter
1315 2096 1401 2158 vetu-

277 2201 392 2264 uuum
413 2202 593 2264 atramento
613 2204 645 2264 et
666 2199 708 2264 ab
734 2199 799 2265 ulie
818 2199 853 2264 ni
875 2198 968 2264 fallor
996 2205 1160 2266 exustum
1182 2221 1292 2278 manu,
1322 2221 1405 2285 quoe

275 2310 384 2372 tumen
411 2306 537 2371 saeculo
563 2305 627 2370 XII
654 2326 717 2371 non
748 2306 906 2388 posterior
934 2303 1092 2384 videatur,
1124 2299 1402 2394 τορεύοντες,·

274 2434 299 2476 o.
316 2415 357 2476 22
376 2411 494 2496 legitur
516 2404 690 2498 εὐρώστως
711 2409 748 2476 δὲ
769 2413 836 2476 τῶν
854 2405 989 2476 Ῥοδίων
1013 2405 1226 2494 ἀμυνομένων
1246 2431 1307 2476 om.
1335 2407 1401 2476 καί.

275 2519 314 2587 ln
329 2517 441 2584 eodem
461 2518 565 2600 eapite
587 2515 686 2583 codex
705 2516 786 2582 falso
806 2521 956 2583 narratur
976 2517 1094 2584 habere
1115 2518 1176 2582 τοῦ
1200 2513 1328 2604 πατρὸς
1352 2512 1400 2580 εί-

276 2618 376 2700 κόνας
394 2613 436 2687 δν
458 2619 645 2706 ἐμπρῆσαι,
668 2641 740 2684 cum
761 2619 868 2702 potius
890 2618 1044 2699 scriptum
1066 2618 1108 2680 sit
1129 2613 1334 2702 τοῦπατρὸς
1357 2607 1396 2678 όίν

276 2720 408 2801 εἰκόνας
433 2719 621 2806 ἐμπρῆσαι,
645 2718 730 2802 quod
751 2718 858 2783 neseio
879 2738 921 2782 an
943 2718 1099 2799 praestet,
1122 2735 1194 2778 cum
1214 2712 1403 2795 praesertim

275 2824 310 2889 in
332 2824 393 2890 τοῦ
421 2818 550 2910 πατρός
579 2821 681 2887 meins
705 2841 817 2904 reapse
847 2821 889 2886 sit
915 2825 1122 2900 momentum3
1149 2820 1289 2906 itemque
1311 2840 1335 2883 c.
1361 2821 1403 2884 28

275 2929 360 2995 solue
375 2926 487 2992 scribit
501 2922 538 2990 ἐκ
555 2925 701 3011 κωμικῆς
712 2926 830 3011 σκηνῆς
843 2923 949 2990 πόλιν
965 2921 1013 3002 είς
1033 2921 1104 3010 τὴν
1127 2921 1285 3012 τραγικὴν
1299 2917 1402 3006 μετό-

275 3056 397 3120 μουσιν,
419 3037 457 3098 nt
476 3036 618 3100 extremo
639 3053 707 3115 cap.
724 3037 766 3099 29
785 3024 1113 3097 ἀπολειπόντων
1134 3051 1192 3113 pro
1213 3029 1294 3113 rolg.
1314 3023 1401 3094 οίπο-

274 3128 442 3200 λιπόντων
457 3139 490 3200 et
510 3133 603 3199 initio
623 3154 648 3200 c.
660 3138 701 3200 34
726 3126 831 3210 οὕτως
850 3132 924 3215 μέν
947 3123 1004 3198 οὖν
1020 3135 1079 3220 τῆς
1100 3132 1232 3210 πόλεως
1254 3129 1400 3219 ἐχούσης,

272 3235 358 3320 quod
383 3233 602 3318 reponendum
623 3233 776 3311 arbitror3
806 3254 832 3298 c.
859 3239 899 3298 41
923 3253 982 3314 pro
1004 3231 1147 3320 ἐνορῷτο
1170 3233 1282 3298 vitiose
1311 3233 1403 3296 utin

212 3401 224 3410 .
272 3343 344 3412 aliis
362 3343 418 3410 sed
437 3342 608 3409 accedente
626 3362 706 3406 novo
725 3340 841 3406 mendo
854 3340 973 3426 legitur
995 3340 1070 3423 μέν
1093 3335 1185 3429 δριδ.
1216 3340 1337 3406 Eodem
1351 3341 1399 3405 in·

273 3446 338 3512 cieo
358 3449 445 3510 recte
464 3443 499 3507 in
520 3442 674 3526 Stephani
694 3442 783 3508 Thes
802 3442 898 3507 Paris.
916 3464 939 3509 s.
955 3463 983 3508 v.
1007 3437 1243 3528 διόμιτρος
1264 3443 1402 3516 notatim,

273 3566 333 3628 pro
354 3565 392 3610 eo
412 3542 497 3629 quod
518 3565 538 3610 a
560 3542 684 3610 Sinteni
706 3543 841 3627 aliisque
869 3541 1013 3608 codicum
1038 3541 1189 3627 obsequio
1212 3541 1333 3608 editum
1353 3542 1396 3607 sit

273 3642 427 3724 καυσίαις
449 3643 615 3735 διμίτροις
636 3646 672 3714 in
697 3645 764 3714 cod.
782 3645 928 3714 Palatino
949 3651 1058 3714 extare
1079 3642 1283 3735 διαμίτροις,
1309 3646 1394 3730 quod

273 3774 421 3819 rerumne
444 3753 486 3816 sit
506 3774 548 3817 en
568 3753 682 3818 falsum
703 3755 789 3819 varie
810 3753 923 3818 disseri
943 3756 1056 3835 potest.
1100 3751 1146 3817 Ut
1166 3756 1272 3817 tamen
1296 3752 1400 3836 magis

273 3854 407 3920 inclinet
427 3854 587 3919 sententia
607 3854 649 3919 ad
672 3851 862 3941 διάμιτρος,
895 3853 1013 3938 quippe
1043 3851 1128 3938 quod
1157 3855 1300 3936 quamvis
1322 3875 1396 3920 ana-

275 3960 379 4044 logice
400 3979 514 4040 perum
535 3958 669 4030 tortasse
691 3981 866 4043 congruens
887 3964 982 4044 atque
1003 3958 1179 4026 insolenter
1206 3959 1402 4042 conpositum

276 4086 335 4152 neo
348 4062 544 4148 significatus
564 4064 642 4128 satis
652 4065 830 4146 perspicui,
852 4070 888 4130 ut
903 4065 968 4130 alis
982 4065 1133 4147 conplura
1153 4063 1189 4129 in
1203 4063 1297 4130 huius
1315 4065 1401 4130 modi

274 4190 382 4235 rerum
408 4167 659 4246 nomenclatura,
688 4169 807 4235 diserte
834 4175 944 4236 temen
964 4169 1115 4248 Pollucis,
1144 4189 1336 4254 quemquam
1357 4170 1397 4236 de

276 4268 452 4354 prostibulo
472 4268 660 4351 explicantis
678 4269 745 4348 (cfr.
753 4268 787 4335 0.
796 4269 931 4338 Mueller
938 4270 1102 4338 Archaeol.
1117 4271 1136 4358 ξ
1150 4276 1233 4356 340),
1247 4276 1398 4338 testatum

274 4372 352 4438 fecit
369 4373 531 4438 enarratio
553 4372 662 4439 Onom.
678 4373 733 4452 IV,
759 4380 818 4442 153
841 4369 861 4461 ἡ
885 4375 923 4442 δέ
944 4373 1121 4462 διάχρυσος
1150 4371 1267 4464 ἑταίρα
1293 4375 1399 4440 πολὺν

272 4468 340 4552 ἔχει
369 4470 427 4538 τόν
454 4471 574 4562 χρυσόν
596 4473 675 4562 περί
704 4476 745 4563 τῇ
774 4470 875 4561 κόμῃ·
912 4466 932 4558 ἡ
965 4473 1001 4539 δέ
1031 4471 1267 4563 διόμιτρος
1299 4469 1402 4560 μίτρᾳ

277 4570 414 4660 ποικίλῃ
436 4570 495 4659 τὴν
517 4571 666 4660 κεφαλὴν
685 4571 917 4660 κατείληπται,
942 4595 1044 4659 equo
1065 4575 1092 4640 si
1110 4575 1181 4640 iure
1203 4572 1400 4654 conpositum
