3534 5392
705 501 921 566 -87-

243 659 321 726 dicit
333 661 526 730 Plutarchus
545 664 628 730 nihil
647 664 821 748 prudenter
836 665 941 746 aptari
954 669 1066 746 potest
1096 664 1197 744 Quem
1210 683 1276 728 non
1289 661 1369 729 adeo

239 767 389 849 ineptum
411 769 505 835 luisse
532 769 684 836 credibile
714 775 774 848 est,
807 775 844 836 ut
867 765 1057 858 διατρύγιος
1076 770 1139 836 alio
1160 791 1254 836 seusu
1274 770 1365 836 adhi-

240 867 350 934 buerit
372 871 423 936 vel
451 871 600 938 adhiberi
626 871 774 950 voluerit,
804 893 900 956 quum
925 872 981 955 qui
1009 892 1068 954 pro
1094 893 1131 938 re
1152 877 1229 939 natu
1249 872 1369 954 simpli-

238 972 390 1038 cissimus
413 981 509 1054 esset,
537 997 693 1060 quemque
723 975 763 1042 ad
793 975 1031 1060 etymologiam,
1061 996 1157 1059 quam
1180 1015 1216 1025 -—
1239 976 1308 1041 iure
1329 997 1372 1041 an

112 1137 113 1140 ,
236 1078 361 1144 iniuria
387 1081 469 1146 nihil
495 1081 595 1148 refert
613 1082 893 1164 -propositurus
914 1086 997 1159 erat,
1022 1081 1168 1164 plurimis
1189 1086 1372 1163 promptum

237 1185 271 1246 et
299 1183 490 1264 expeditum
512 1184 614 1250 visum
642 1185 682 1250 iri
706 1190 857 1267 speraret.
901 1185 1013 1268 ltaque
1042 1184 1083 1251 de
1107 1184 1177 1250 loco
1198 1190 1292 1262 certe,
1313 1184 1371 1268 qui

237 1283 345 1352 dictus
369 1285 467 1354 fuerit
490 1285 688 1376 διατρύγιος,
716 1289 928 1374 recogitavit
948 1288 1077 1374 quidem
1097 1289 1292 1355 Plutarchus
1322 1289 1371 1356 No

237 1389 318 1455 illud
340 1392 474 1476 quidem
498 1394 566 1458 sine
586 1399 663 1460 nota
681 1400 738 1460 aut
759 1395 934 1477 suspitione
952 1394 1283 1476 praetermittendum,
1305 1415 1368 1460 uuo

236 1501 324 1584 quod
348 1503 448 1567 sciam
469 1502 618 1568 hocloco
638 1503 731 1586 prodi
754 1499 856 1592 τρύγα
877 1525 898 1568 ιι
913 1503 1074 1570 veteribus
1093 1508 1280 1586 usurpatum
1301 1523 1370 1570 osse

238 1601 278 1668 de
302 1609 394 1670 omni
416 1607 504 1685 vino,
527 1629 598 1672 eum
619 1609 724 1690 potius
747 1608 891 1672 unanimi
911 1607 1052 1672 omnium
1073 1612 1196 1673 constet
1217 1627 1370 1672 consensu

236 1707 345 1798 τρύγα
377 1711 555 1798 significare
579 1714 687 1778 vinum
715 1712 855 1778 nondum
884 1713 1082 1780 defaecatum
1109 1735 1131 1779 s.
1158 1718 1297 1778 mustum
1317 1712 1369 1778 vel

237 1815 340 1880 etiam
368 1817 530 1882 Plutarchi
552 1823 657 1884 aetate
678 1819 744 1882 viui
773 1839 873 1903 genus
897 1822 1116 1896 scandarium,
1144 1818 1230 1902 quod
1252 1818 1369 1884 dieitur

235 1913 306 1981 loro
329 1915 538 2002 (nostratium
559 1919 680 2005 Louer)
709 1919 794 2003 apud
816 1920 988 1998 Romanos,
1022 1919 1193 2008 ὁταττρίας
1219 1940 1243 1985 s.
1267 1941 1367 2000 στομ-

237 2018 385 2108 φυλίτης
407 2013 494 2100 οἶνος
523 2023 609 2105 apud
640 2023 778 2090 Graecos
807 2023 876 2106 (cfr.
902 2023 1009 2089 Niclas
1030 2021 1071 2088 ad
1092 2022 1189 2104 Geop.
1208 2020 1237 2100 Ι,
1260 2028 1321 2088 457
1327 2022 1368 2105 ²⁸),

112 2159 113 2170 r
236 2131 324 2213 quod
347 2132 487 2198 breviter
515 2133 667 2198 indicavit
695 2132 871 2217 Hesychius
893 2153 917 2198 s.
938 2153 965 2196 v.
995 2126 1092 2219 τρύξ·
1125 2124 1143 2194 ὁ
1174 2130 1248 2207 νέος
1277 2121 1367 2207 οἶνος

237 2231 338 2321 παρὰ
365 2231 422 2320 τὴν
441 2229 561 2322 τρύγην
582 2232 638 2299 καὶ
665 2232 800 2319 γλεῦκος
830 2226 1034 2319 άδιήθητον,
1064 2239 1200 2314 quocum
1221 2228 1368 2313 congruit

153 2369 156 2374 ·
237 2331 357 2402 Suidas
383 2357 405 2401 s.
429 2360 455 2402 v.
478 2333 595 2424 τρυγὸς
616 2333 783 2422 γλυκείας·
805 2342 957 2403 τουτέστι
978 2338 1039 2401 τού
1064 2335 1156 2402 νέου·
1178 2335 1282 2422 τρύγα
1304 2333 1366 2422 γάρ

236 2437 295 2504 καὶ
318 2437 378 2504 τὸν
396 2439 471 2506 νέον
493 2431 581 2504 οἶνον
597 2435 735 2504 ἐκάλουν
758 2440 815 2507 καὶ
835 2440 895 2528 τὴν
908 2437 1145 2529 ὑποστάθμην.
1183 2440 1366 2523 Eodemque

237 2542 336 2607 modo
356 2541 395 2608 de
415 2542 476 2610 hoo
497 2543 649 2608 vocabulo
671 2545 832 2610 enarravit
850 2544 960 2612 Galen.
981 2544 1023 2610 de
1044 2545 1129 2611 alim.
1152 2543 1257 2609 facult.
1282 2543 1323 2621 ΙΙ,
1345 2550 1365 2610 9

236 2665 267 2726 p.
279 2648 402 2726 orell,
424 2669 518 2732 quem
536 2649 647 2714 citavit
660 2647 766 2714 Niclas
788 2649 829 2714 ad
844 2649 941 2730 Geop.
955 2649 977 2713 l.
991 2649 1013 2716 l.
1031 2643 1070 2712 τύ
1083 2671 1120 2734 γε
1134 2647 1199 2733 μὴν
1219 2642 1364 2733 ὑφιστά-

237 2771 340 2828 μενον
361 2752 434 2827 τοῖς
457 2744 561 2826 οἴνοις
583 2747 672 2831 παχύ
693 2744 726 2813 oi
755 2747 876 2814 πολλοὶ
898 2751 963 2814 τῶν
985 2743 1215 2828 ἀττικιζόντων
1238 2742 1363 2829 ὄνομά-

241 2851 336 2932 ζουσι
350 2849 462 2942 τρύγα,
481 2860 513 2921 et
527 2854 622 2937 paulo
643 2859 714 2937 post
727 2852 766 2919 τά
779 2849 841 2942 γάρ
856 2877 911 2920 τοι
925 2856 990 2920 τῶν
1005 2851 1149 2942 βρντίιυν
1164 2849 1363 2940 άντύβρεγμα

238 2953 344 3045 τρύγα
367 2957 532 3035 καλοῦσιν,
556 2953 642 3046 ὅπερ
665 2948 707 3022 αύ
735 2952 838 3023 πάλιν
861 2953 893 3023 oi
916 2950 1136 3038 ἀττικίζοντος
1158 2949 1362 3039 ύνομάζουοι

239 3059 423 3148 ύουτερύαν·
445 3062 668 3152 οτεμφυλίτρς
686 3064 754 3152 (cfr.
768 3064 864 3146 Geop.
878 3065 899 3128 l
913 3064 933 3132 l.
955 3053 992 3149 iio
1015 3061 1203 3150 έττιχωρίιος
1224 3063 1364 3128 καλοῦσι

238 3168 397 3253 θάμνον)
423 3157 520 3248 οὗτος
552 3163 631 3257 παρ’
659 3165 736 3258 ἡμῖν
767 3168 928 3236 καλεῖται.
979 3169 1026 3233 Ut
1054 3168 1110 3250 qui
1140 3173 1268 3250 praeter
1291 3169 1362 3232 Plu·
1412 3201 1416 3208 ·

239 3266 345 3334 turchi
373 3267 477 3332 locum
504 3267 649 3334 adhibito
677 3267 799 3332 Cratini
828 3265 1012 3330 testimonio
1041 3265 1127 3346 apud
1148 3265 1308 3333 Pollucem
1328 3267 1363 3330 in

238 3369 399 3436 Onomast.
413 3370 467 3449 VI,
487 3375 524 3436 18
540 3369 598 3436 τὸν
615 3371 652 3437 δὲ
669 3361 758 3436 οἶνον
774 3366 830 3433 καὶ
845 3367 948 3457 τρύγα
970 3364 1111 3433 ἐκάλουν
1126 3361 1172 3444 ιύς
1193 3365 1228 3432 έν
1243 3362 1363 3455 Ὥραις

240 3475 407 3562 Κρατῖνος
425 3474 523 3560 λέγει·

410 3568 480 3639 ἀλλ’
501 3566 540 3660 ἦν
561 3567 608 3638 ὅτ’
631 3572 666 3641 ἐν
688 3566 826 3659 φιύοιυνι
847 3569 908 3658 τὴν
929 3565 1039 3657 ὀσφύν
1061 3562 1143 3649 ἔχων

351 3761 353 3766 Α
409 3673 478 3761 μετ’
502 3677 585 3762 ἐμοῦ
607 3678 731 3763 ύιῆγος,
756 3673 905 3766 οἰνάριον
927 3673 1031 3740 ἕλκων
1052 3668 1183 3760 τρυγός,

239 3781 321 3876 τράξ
341 3786 380 3854 de
402 3787 475 3851 vino
496 3786 609 3852 latiore
630 3784 809 3868 significatu
831 3783 916 3866 apud
935 3787 1056 3848 veteres
1077 3799 1137 3842 usu
1150 3777 1272 3844 venisse
1288 3796 1360 3840 con·

239 3887 424 3966 tenderunt,
451 3909 562 3954 verear
591 3907 632 3950 ue
659 3885 866 3953 inconsultius
904 3883 1005 3968 egisse
1040 3883 1236 3946 censeantur.
1279 3876 1364 3942 Nam

238 3995 315 4062 licet
341 3995 488 4063 nonnihil
514 3994 604 4061 dubii
631 3993 666 4058 iu
694 3994 756 4058 hoo
783 3993 852 4058 loco
881 3990 932 4056 vel
959 3993 1032 4071 post
1056 3986 1197 4052 Meiueki
1224 4006 1362 4068 operam,

239 4100 301 4166 viri
322 4121 393 4166 mea
420 4099 513 4165 laude
543 4099 637 4182 longe
658 4097 842 4180 superioris,
871 4095 1018 4161 relictum
1046 4093 1089 4157 sit
1114 4091 1154 4158 ob
1183 4091 1363 4175 genetivum

239 4199 358 4292 τρυγός
387 4202 429 4268 ad
460 4197 608 4291 οἰνάριον
637 4200 769 4268 liberius
806 4199 1002 4275 adiunctum,
1035 4216 1107 4260 oum
1138 4192 1265 4258 licuerit
1296 4193 1364 4258 sine

319 4375 346 4444 ³¹²)
367 4379 423 4430 Huc
447 4391 553 4446 quoque
578 4377 700 4431 convenit
717 4377 789 4443 quod
807 4377 833 4427 in
851 4381 923 4427 tanto
942 4371 1065 4426 vocabuli
1083 4371 1246 4439 significatus
1264 4369 1363 4422 ambitu

240 4484 371 4535 nusquam
388 4469 422 4519 de
440 4469 497 4520 eliis·
518 4469 595 4521 rebus
614 4469 708 4520 dieitur
727 4481 805 4532 quam
823 4466 857 4516 de
877 4465 1060 4527 cuiuscunque
1083 4463 1187 4528 generis
1207 4459 1361 4512 sedimentis

238 4556 282 4607 vel
294 4550 500 4624 ύντοστάθμαις,
520 4569 571 4620 qua
584 4555 618 4606 de
630 4571 658 4606 ro
670 4553 824 4606 doctissime
837 4551 970 4603 adnotavit
981 4549 1153 4624 exemplaque
1164 4546 1297 4612 congessit
1310 4543 1362 4594 Lo-

239 4641 312 4698 beck
328 4644 363 4694 ad
381 4643 477 4714 Phryn.
496 4659 521 4710 p.
541 4641 581 4694 73.
642 4715 644 4718 ¹
