3534 5392
701 456 914 520 -2p..

243 618 300 686 des
327 640 442 704 parum
471 619 617 686 adtentos
642 618 752 698 fuisse,
786 640 850 684 non
875 618 1087 686 dubitandum
1115 623 1176 696 est,
1204 617 1282 702 quin
1310 616 1370 682 hoc

242 725 417 809 simplicius
432 723 532 789 multo
550 728 584 790 et
599 723 746 788 usitatius
763 723 860 789 scribi
878 722 1038 802 debuerit,
1059 722 1158 788 veluti
1176 717 1235 788 οὐκ
1252 716 1373 809 ἀκριβῆ

245 831 398 920 φυλακὴν
420 825 605 918 ἐποιήσατο
619 830 670 899 vel
686 825 746 898 οὐκ
763 827 898 921 ἰσχυρὰν
920 831 1073 918 φυλακην
1095 829 1279 918 ἐπιστήσας
1294 828 1368 913 (He-

242 935 316 1000 liod.
339 935 484 1018 Aethiop.
508 935 538 1014 Ι,
561 935 595 1022 3)
617 936 809 1021 similiter*).
859 936 947 1013 Quae
977 957 1048 1002 cum
1076 935 1123 1002 ita
1155 937 1218 1000 sint
1242 935 1368 1000 ineam

241 1037 422 1122 opinionem
444 1037 529 1114 veni,
548 1036 634 1102 idem
655 1038 690 1102 in
711 1037 773 1103 hoo
794 1037 864 1102 loco
885 1037 1041 1115 evenisse,
1064 1036 1150 1121 quod
1173 1037 1369 1104 sexcentiens

242 1143 361 1209 factum
373 1141 581 1219 ostendimus,
596 1147 633 1206 ut
646 1141 769 1208 scribae
783 1141 886 1207 rarius
900 1141 1098 1220 vocabulum,
1113 1141 1196 1226 quod
1214 1141 1303 1206 nulla
1313 1139 1367 1206 ad·
1451 1181 1452 1188 ι

242 1249 371 1316 modum
391 1249 601 1316 similitudine
620 1256 833 1333 opportunum
853 1256 923 1316 erat
944 1250 1060 1327 errori,
1081 1249 1250 1316 accedente
1271 1247 1369 1312 animi

241 1352 504 1432 hallucinatione,
525 1356 636 1418 contra
656 1352 718 1418 loci
740 1352 932 1418 sententiam
947 1352 1153 1418 obscurarent
1172 1341 1380 1433 licenterque

241 1463 468 1541 permutarent
513 1457 625 1542 Itaque
646 1457 681 1522 in
703 1456 857 1524 eiusmodi
878 1456 955 1522 locis
972 1478 1012 1523 ne
1027 1457 1135 1540 paullo
1151 1455 1282 1522 liberior
1299 1455 1367 1539 qui-

242 1562 315 1629 dem
335 1562 547 1646 vituperanda
574 1564 637 1630 erit
665 1563 828 1630 correctio.
877 1563 1082 1630 Plutarchum
1110 1563 1196 1629 enim
1226 1561 1271 1628 sic
1293 1562 1368 1627 scri-

241 1668 341 1751 psisse
363 1668 492 1752 opinor:
523 1660 643 1733 οὖδένα
673 1668 733 1733 τοῦ
765 1662 942 1732 Γυλίππου
972 1663 1070 1752 λόγον
1098 1660 1172 1748 ἐσχε
1196 1663 1369 1754 προσπλέ-

243 1788 340 1844 οντος
370 1761 472 1833 odda*
502 1764 697 1854 φυλακὴν
728 1763 973 1854 ἐποιήσατο
1006 1769 1085 1832 τῶν
1118 1763 1371 1855 κατάρσεων

242 1871 262 1935 i.
284 1893 310 1935 e.
341 1893 377 1937 ae
401 1872 562 1937 odsaocbot
589 1871 705 1956 quidm
733 1873 840 1956 ηντλκα
868 1873 938 1936 ἶσαι
963 1869 1094 1956 Gplappi
1120 1891 1204 1936 σανα
1232 1869 1372 1934 ammodo

242 1977 354 2060 adpelli
370 1982 497 2059 possent,
520 1977 600 2041 conl.
622 1976 760 2061 Thucyd.
775 1975 830 2054 IV,
850 1981 891 2042 26
914 1970 947 2041 οἳ
971 1974 1109 2040 πολῖται
1132 1974 1211 2063 περὶ
1230 1971 1289 2052 τάς
1311 1997 1371 2038 κα-

242 2076 378 2167 τάρσεις
394 2082 454 2166 τῆς
470 2076 571 2166 νήσου
586 2075 788 2168 ἐφύλασσον,
805 2078 886 2145 Plut.
898 2078 1005 2162 Pomp.
1023 2082 1063 2146 65
1082 2077 1245 2162 κατέλαβε
1265 2074 1370 2166 χωρία

243 2177 360 2263 ἐηηοντα
382 2184 439 2248 καὶ
466 2180 611 2264 ναύλοχα
642 2186 700 2248 καὶ
721 2183 915 2271 κατάρσεις,
946 2182 1096 2251 Themist.
1119 2187 1139 2250 9
1163 2180 1371 2269 παραπλέων

243 2286 281 2353 δέ
299 2285 358 2374 τὴν
378 2283 490 2377 χώραν
513 2280 532 2353 ὃ
552 2289 603 2369 Θ.,
625 2275 650 2378 ᾗ
671 2283 905 2378 κατάρσεις
928 2280 1167 2373 ἀναγκαίας
1189 2285 1245 2354 καὶ
1267 2309 1370 2352 κατα-

243 2383 352 2474 φυγὰς
375 2380 464 2475 ἐώρα
486 2390 557 2464 τοῖς
581 2383 772 2470 πολεμίοις,
805 2387 921 2475 quibus
943 2405 1085 2470 conpono
1106 2385 1190 2472 quod
1212 2386 1273 2452 Dio
1296 2384 1367 2454 Cas·

242 2491 307 2558 sius
335 2491 439 2570 XLII,
469 2499 509 2559 40
535 2490 617 2557 dixit
646 2489 706 2570 τάς
738 2487 916 2582 κατάρσεις
945 2498 1089 2583 τηρεῖν
1117 2499 1150 2558 et
1177 2493 1216 2571 L,
1250 2500 1284 2560 ll
1313 2493 1371 2570 τὰς

242 2592 420 2684 κατάρσεις
441 2598 506 2662 τῶν
528 2591 679 2682 ὁλκάδων
701 2595 934 2685 ἐπιτηρεῖν.

330 2697 392 2764 Sed
413 2704 450 2764 ut
470 2721 490 2764 a
509 2699 594 2764 caris
621 2699 767 2766 secundis
797 2698 838 2764 ad
867 2699 1036 2784 primarias
1063 2703 1219 2778 revertar,
1247 2700 1281 2765 in
1304 2721 1367 2768 me·

244 2803 379 2868 moriam
400 2823 547 2868 revocare
566 2803 656 2868 lubet
670 2802 755 2888 quod
774 2803 968 2888 aliquotiens
988 2827 1008 2872 a
1028 2827 1079 2872 me
1093 2804 1294 2888 deploratum
1315 2811 1371 2885 est,
1464 2843 1467 2846 ·

245 2906 368 2972 nullum
393 2906 511 2973 librum
545 2908 707 2974 Plutarchi
742 2909 883 2994 peiorem
917 2915 1084 2996 expertum
1113 2933 1180 2978 esse
1210 2912 1370 2978 fortunam

242 3032 340 3096 quam
358 3008 574 3097 Symposiaoa,
595 3035 694 3099 quae,
716 3013 791 3081 licet
813 3036 833 3081 a
854 3015 964 3082 multis
991 3017 1067 3083 viris
1089 3017 1192 3083 doctis
1213 3017 1299 3084 haud
1318 3019 1366 3084 in·

243 3111 378 3180 feliciter
398 3119 564 3198 temptata,
585 3120 702 3195 amen,
724 3138 797 3181 cum
816 3118 918 3182 omnis
938 3138 1039 3200 paene
1061 3119 1215 3184 correctio
1232 3118 1370 3202 pendeat

243 3241 264 3288 a
285 3219 466 3287 coniectura
494 3222 545 3288 rel
566 3244 587 3289 a
607 3222 728 3289 sollerti
756 3222 894 3288 fontium
923 3223 978 3306 qui
998 3222 1146 3288 dicuntur
1168 3224 1367 3290 secundario·

243 3347 316 3390 rum
335 3347 409 3405 usu,
437 3326 596 3392 editorum
624 3347 754 3411 operam
775 3326 984 3393 multifariam
1005 3327 1175 3397 eluserunt.
1218 3328 1300 3394 Nam
1321 3329 1370 3396 vel

241 3429 496 3502 vindobonensis
517 3429 607 3509 liber,
629 3451 650 3496 a
669 3450 741 3514 quo,
763 3452 836 3496 cum
850 3431 1080 3498 vetustissimus
1102 3419 1243 3499 omnium
1258 3432 1313 3510 sit,
1334 3437 1370 3497 ut

243 3558 265 3602 a
283 3535 461 3602 certissimo
491 3537 693 3620 quantumvis
719 3535 849 3603 vitiatae
877 3535 1064 3622 plerumque
1089 3536 1234 3604 lectionis
1255 3535 1367 3602 funda·

242 3646 358 3715 mento,
373 3641 475 3707 omnis
496 3663 609 3726 reapse
630 3643 787 3727 proficisci
809 3643 905 3710 debet
918 3643 1086 3712 verborum
1105 3643 1298 3722 emendatio,
1321 3647 1369 3709 tot

244 3745 406 3829 tantisque
433 3745 571 3825 mendis,
600 3746 687 3813 haud
715 3769 788 3813 raro
817 3752 1014 3814 monstruose
1044 3746 1266 3813 aberrantibus
1297 3745 1369 3828 (cir.

242 3851 368 3930 Quaeso.
389 3850 470 3916 Plut
492 3850 542 3914 111
559 3871 591 3933 p.
616 3858 654 3917 41
678 3857 756 3936 not.)
778 3853 961 3937 inquinatus
988 3856 1050 3930 est,
1079 3855 1129 3931 ut,
1160 3850 1267 3938 siquid
1294 3851 1370 3918 boni

242 3953 277 4018 in
299 3953 350 4018 his
371 3953 564 4019 membranis
584 3953 765 4020 inveniatur
791 3957 842 4021 vel
861 3957 967 4022 minus
988 3956 1092 4022 vitiosi
1114 3977 1210 4040 quiam
1230 3957 1265 4022 in
1286 3962 1368 4022 cete-

241 4055 295 4134 ris,
324 4054 442 4137 pusilla
469 4054 564 4120 huius
592 4057 807 4139 praestantiae
829 4057 900 4124 laus
928 4057 1062 4124 fortuita
1086 4059 1187 4143 magis
1215 4058 1370 4126 contineri

244 4143 391 4224 videatur
412 4157 530 4222 erroris
551 4158 717 4226 vacuate.
759 4160 858 4245 Atqui
878 4161 906 4226 si
928 4160 1011 4226 nihil
1030 4159 1120 4228 nobis
1141 4166 1269 4244 praesto
1288 4169 1370 4230 esset

212 4390 214 4393 .
311 4338 338 4404 *l
360 4340 506 4407 Procopio,
535 4348 563 4395 ut
586 4340 628 4393 his
652 4347 722 4406 utar,
747 4343 772 4393 in
802 4341 903 4394 deliciis
928 4347 968 4393 est
987 4341 1014 4400 ἐς
1037 4338 1066 4394 τὸ
1092 4340 1201 4411 ἀκριβὲς
1222 4339 1370 4412 φυλάττειν

241 4428 322 4480 veluti
349 4427 375 4482 b.
394 4443 420 4494 g.
439 4444 465 4495 p.
484 4429 549 4494 328,
572 4429 596 4482 6.
615 4445 640 4496 p.
660 4429 729 4494 432,
751 4430 779 4480 ll
799 4445 827 4498 p.
846 4429 912 4494 448,
936 4430 976 4496 12,
1002 4429 1029 4490 ἐς
1050 4429 1080 4484 τὸ
1108 4427 1217 4503 ἀκριβὲς
1241 4428 1370 4500 φυλακην

242 4522 384 4570 ποιεῖσθαι
402 4519 466 4571 dixit
483 4534 508 4586 p.
527 4520 594 4584 246,
614 4520 638 4572 5.
664 4516 775 4589 φυλακὴ
794 4515 880 4591 λόγου
904 4510 967 4580 άξία
988 4522 1100 4574 occurrit
1117 4537 1144 4588 p.
1156 4522 1226 4585 ³⁷6,
1249 4523 1293 4586 18,
1316 4539 1369 4590 φυ-

242 4597 389 4678 λακτήριον
406 4605 622 4679 ἀπημελημένον
639 4603 676 4669 ὡς
692 4604 814 4679 μάλιστα
832 4624 858 4676 p.
876 4609 945 4675 366,
965 4610 1006 4664 12.
