3534 5392
642 401 943 524 ’.-.11·-

274 605 406 672 Cornuti
427 605 467 671 de
488 610 553 671 nat
574 602 660 669 deor.
682 624 709 667 o:
733 609 906 671 lenonem
927 601 978 668 vel
999 607 1066 668 tres
1087 600 1185 668 etiam
1206 598 1302 669 titisse
1324 621 1396 673 nar·

272 716 384 777 rantur
407 710 514 776 Musae
535 714 666 792 proptor
685 709 849 776 novenarii
869 708 920 776 vel
940 708 1074 774 ternarii
1094 707 1219 774 numeri
1240 705 1398 774 ratesd-

272 841 393 904 τητα,
417 822 455 881 ut
473 817 529 900 qui
544 816 604 882 deo
622 816 686 898 ipsi
706 816 909 883 adtribuatur
923 816 973 882 vel
987 816 1073 900 quod
1091 814 1194 880 tribus
1208 814 1395 898 speculatio-

273 941 349 986 num
364 920 534 1003 generibus
547 920 767 1002 philosophiae
781 920 865 991 ratio
879 917 1142 1005 peroraturus
1158 918 1309 986 Peterson
1323 915 1343 986 l.
1353 918 1395 1002 l).

271 1023 361 1104 Quod
372 1025 399 1089 si
412 1025 487 1091 talis
497 1025 625 1109 qualem
640 1025 832 1092 couiooimus
846 1025 908 1090 fuit
915 1025 1078 1092 Plutarchi
1095 1025 1259 1102 sententia,
1276 1025 1311 1090 in
1323 1045 1395 1108 pro·

271 1131 381 1212 patulo
401 1135 451 1196 est
472 1152 546 1197 oum
567 1131 701 1197 dixisse:
723 1129 921 1227 Polymuiam
940 1123 1002 1196 sibi
1024 1129 1193 1212 sumpsisse
1212 1130 1397 1196 historicum

271 1258 402 1319 munus,
422 1259 491 1304 esso
506 1238 590 1310 enim
611 1237 702 1305 illam
725 1233 1307 1323 πολλῇςμνεὶας(111.111111111171
1327 1229 1399 1322 ἡδὲ

271 1331 448 1420 Πολύμνια
472 1337 535 1400 τοῦ
556 1336 774 1420 φιλομαθοῦς
795 1333 867 1400 ἐστι
890 1333 947 1399 καὶ
967 1328 1174 1419 μνημονικοῦ
1192 1333 1251 1418 τῆς
1273 1333 1399 1420 ψυχῆς)

269 1460 325 1504 sen
357 1439 530 1506 multarum
560 1461 668 1505 rerum
701 1439 911 1518 memoriam,¹
939 1437 1129 1521 aliquotiens
1160 1441 1269 1504 tamen
1301 1438 1399 1512 etiam

272 1541 524 1613 11111110111111,
547 1547 683 1625 tuaquom
697 1542 860 1625 perfectam
881 1546 1031 1618 1111111111,
1054 1561 1221 1606 munemm
1242 1541 1399 1608 aemonio

271 1646 447 1712 arctissime
465 1647 649 1714 coniunctas
666 1644 1074 1729 Μοείας11111111111111
1093 1649 1149 1714 eto
1195 1646 1280 1712 Illud
1292 1652 1400 1715 antem

271 1768 365 1812 nemo
386 1747 557 1812 mirabitur
572 1752 628 1813 aut
642 1747 851 1831 vituperabit,
871 1749 957 1832 quod
971 1748 1159 1815 Plutarchus
1176 1769 1240 1834 quo
1255 1749 1325 1816 loco
1341 1769 1400 1816 usu

272 1853 397 1918 venerit
417 1853 474 1917 illa
487 1854 650 1918 Musarum
671 1853 887 1931 denominatio
901 1855 952 1921 vel
973 1876 993 1920 a
1013 1875 1152 1939 quonam
1173 1856 1328 1938 scriptore
1342 1855 1397 1922 ad-

273 1956 378 2022 hiberi
406 1961 520 2039 ooepta
542 1956 597 2034 sit,
625 1955 775 2021 disertius
805 1977 1049 2022 commemorare
1076 1955 1298 2040 supersederit.
1342 1955 1400 2022 Est

243 2113 248 2118 .
273 2060 358 2127 enim
378 2060 535 2144 quaedam
554 2059 641 2142 apud
662 2060 868 2126 Plutarchum
889 2061 922 2124 in
943 2060 994 2125 his
1014 2061 1110 2128 rebus
1129 2062 1284 2144 ponendis
1306 2061 1396 2128 omit·

272 2160 414 2227 tendisse
436 2161 645 2246 neglegentia.
695 2160 742 2226 Ut
769 2160 869 2244 igitur
890 2161 925 2224 iu
947 2160 1099 2245 hisquae
1121 2161 1311 2228 credebatur
1331 2182 1398 2228 esse

271 2266 465 2350 praepositio
489 2268 559 2343 EN,
581 2265 753 2350 genuinam
772 2264 931 2347 expulisse
949 2263 1075 2330 videtur
1089 2285 1209 2342 vocem,
1231 2286 1294 2350 quo
1315 2264 1399 2331 facto

271 2351 369 2455 quam
388 2368 529 2452 proclivo
551 2368 649 2435 1111111
676 2369 866 2452 praesertim
891 2370 927 2433 in
954 2369 1023 2435 loco
1045 2370 1157 2436 mutilo
1179 2370 1321 2436 dativum
1343 2370 1398 2438 ad·

271 2471 410 2536 scribere
432 2469 697 2554 qualemcunque,
720 2469 879 2536 neminem
900 2468 993 2556 fugit,
1024 2472 1071 2535 ita
1091 2471 1125 2535 in
1153 2470 1226 2536 aliis
1251 2471 1330 2537 loeis
1349 2458 1399 2552 ai}

271 2574 357 2661 quod
379 2574 578 2668 scribebatur
594 2561 689 2650 'Gt—C,
723 2595 793 2640 cum
829 2572 927 2638 semel
963 2577 1146 2654 corruptum
1177 2578 1260 2640 esset
1287 2574 1323 2638 in
1353 2573 1398 2650 ἐκ,

272 2680 391 2762 passim
414 2678 575 2763 graviores
598 2678 695 2743 etiam
713 2677 825 2743 turbas
844 2677 1031 2760 procreavit.
1074 2676 1205 2744 Affatim
1221 2683 1271 2744 ost
1282 2679 1400 2762 ubique
1535 2747 1540 2768 ρ

273 2779 490 2862 exemplorum
516 2778 551 2842 in
581 2778 735 2860 scriptore
764 2778 915 2862 quolibet,
973 2776 1064 2842 Nunc
1093 2778 1190 2844 simili
1219 2778 1314 2846 modo
1343 2799 1401 2864 per

272 2885 388 2950 harum
402 2883 604 2969 pagellarum
627 2883 898 2966 opportunitatem
917 2883 1005 2948 iurat
1018 2883 1256 2952 memorabilem
1267 2885 1400 2953 Achiuo

277 2992 347 3080 Pati
371 2987 475 3053 locum
500 2988 612 3071 inepta
638 2988 796 3072 scriptura
816 2987 966 3068 liberare,
995 2989 1030 3054 in
1058 3011 1123 3074 qua
1148 2989 1347 3058 emendanda
1367 2997 1400 3060 et

271 3091 394 3174 priores
415 3091 554 3158 editores
582 3096 617 3158 11
636 3098 765 3158 acutum
792 3091 947 3160 Heroheri
976 3092 1131 3161 iudicium
1159 3093 1279 3162 frustra
1306 3094 1397 3163 desu-

270 3197 395 3263 darunt.

356 3301 395 3365 Iu
423 3300 637 3382 descriptione
667 3297 818 3364 crocodili
845 3297 899 3374 IV,
933 3305 969 3366 19
1005 3299 1085 3364 haec
1115 3299 1277 3384 leguntur:
1318 3295 1400 3390 οὐρὰ

271 3405 527 3495 (κροκοδείλου)
540 3402 653 3491 μακροὶ
668 3404 724 3468 καὶ
740 3408 863 3484 παχεῖα
883 3402 940 3470 καὶ
961 3403 1089 3470 ἐοικυῖα
1113 3407 1238 3494 στερεῷ
1257 3402 1398 3486 σώματι.

276 3507 325 3580 Οὐ
347 3509 411 3597 γὰρ
433 3505 480 3586 ὡς
501 3514 572 3586 τοῖς
596 3501 713 3588 ἄλλοις
740 3509 992 3597 περίκειται
1015 3508 1167 3600 θηρίοις,
1199 3505 1283 3577 ἀλλ’
1308 3508 1401 3578 ἔστι

272 3616 347 3700 τῆς
373 3608 531 3702 ῥάχεως
556 3607 599 3676 ἓν
628 3607 781 3679 ὀστοῦν
811 3612 982 3701 τελευτὴ
1010 3613 1084 3680 καὶ
1115 3613 1242 3702 μέρος
1268 3607 1402 3687 αὐτοῦ

274 3717 353 3781 τῶν
383 3711 403 3779 ὅ
412 3715 503 3780 λων.
547 3715 586 3779 In
605 3716 655 3780 his
676 3715 757 3782 illud
776 3710 905 3800 quidem
924 3721 1010 3783 reoto
1031 3716 1190 3782 intellexit
1209 3717 1400 3798 Herohemo,

272 3823 328 3906 qui
349 3843 451 3905 nuper
471 3822 530 3887 hos
551 3822 650 3888 libros
664 3823 877 3889 eruditissime
894 3823 1077 3890 emendatos
1095 3823 1207 3902 edidit,
1229 3846 1286 3908 pro
1304 3825 1398 3914 περί-

181 4012 184 4019 ,
273 3950 379 3992 κειται
409 3927 529 4010 requiri
559 3924 744 4005 ἐπίκειται,
778 3928 814 3993 in
845 3928 959 4012 ceteris
993 3928 1224 4013 perpurgandis
1255 3929 1338 3995 nihil
1366 3951 1399 3996 se

272 4036 436 4114 praestaro
456 4052 547 4114 posse
569 4029 679 4098 fassus.
723 4029 766 4094 Et
785 4052 860 4097 saue
881 4052 963 4118 quae
985 4029 1025 4096 ab
1049 4031 1120 4096 aliis
1141 4029 1182 4096 ad
1197 4031 1282 4098 huno
1296 4033 1400 4099 locum

273 4136 449 4204 sanandum
461 4136 626 4204 adhibitae
641 4140 716 4200 sunt
729 4137 912 4214 medicinae,
926 4135 1057 4218 probari
1072 4157 1136 4202 non
1150 4128 1289 4219 possunt.
1318 4137 1400 4210 Nam

272 4235 459 4307 Schneider-i
481 4235 552 4321 τῆς
573 4232 729 4323 ῥάχεως
751 4232 895 4299 ἐνοστέ
901 4257 946 4298 ου
962 4234 1088 4300 videtur
1101 4234 1193 4302 nobis
1208 4238 1400 4308 sententiam

273 4341 335 4405 looi
355 4361 575 4421 corrumpere,
603 4338 687 4403 nihil
707 4337 793 4403 enim
814 4336 957 4419 profecte
976 4336 1053 4402 tacit
1066 4336 1115 4402 ad
1136 4338 1270 4406 1111111111
1290 4361 1395 4405 croco·

274 4442 332 4507 dili
352 4442 606 4519 describendam,
627 4440 712 4525 quod
733 4441 858 4523 spinam
879 4461 920 4504 ex
940 4461 1004 4504 uno
1026 4462 1094 4508 osse
1117 4448 1314 4509 constantem
1337 4443 1397 4508 sibl

274 4544 493 4613 informaverit
506 4549 625 4622 auctor,
647 4543 680 4610 id
699 4542 784 4628 quod
800 4546 886 4609 recte
904 4541 1134 4628 significaretur
1149 4543 1189 4618 do
1203 4543 1274 4632 ipsa
1289 4543 1397 4633 atiud&¹
