<?xml version="1.0" encoding="UTF-8"?>
<!DOCTYPE html PUBLIC "-//W3C//DTD XHTML 1.0 Transitional//EN"
    "http://www.w3.org/TR/xhtml1/DTD/xhtml1-transitional.dtd">
<html xmlns="http://www.w3.org/1999/xhtml" xml:lang="en" lang="en">
 <head>
  <title>
</title>
<meta http-equiv="Content-Type" content="text/html;charset=utf-8" />
  <meta name='ocr-system' content='tesseract 3.04.00' />
  <meta name='ocr-capabilities' content='ocr_page ocr_carea ocr_par ocr_line ocrx_word'/>
</head>
<body>
  <div class='ocr_page' id='page_1' title='image "./vindiciarumplut01doehgoog_0098.png"; bbox 0 0 3534 5392; ppageno 0'>
   <div class='ocr_carea' id='block_1_1' title="bbox 793 501 1005 568">
    <p class='ocr_par' dir='ltr' id='par_1_1' title="bbox 793 501 1005 568">
     <span class='ocr_line' id='line_1_1' title="bbox 793 501 1005 568; baseline -0.009 -19"><span class='ocrx_word' id='word_1_1' title='bbox 793 501 1005 568; x_wconf 73' lang='lat'><strong>..90-</strong></span> 
     </span>
    </p>
   </div>
   <div class='ocr_carea' id='block_1_2' title="bbox 335 650 1462 862">
    <p class='ocr_par' dir='ltr' id='par_1_2' title="bbox 335 650 1462 862">
     <span class='ocr_line' id='line_1_2' title="bbox 422 650 1462 754; baseline -0.018 -18"><span class='ocrx_word' id='word_1_2' title='bbox 422 669 512 738; x_wconf 86' lang='lat' dir='ltr'><strong>Alter</strong></span> <span class='ocrx_word' id='word_1_3' title='bbox 524 671 611 737; x_wconf 90' lang='lat' dir='ltr'><strong>locus</strong></span> <span class='ocrx_word' id='word_1_4' title='bbox 626 675 675 738; x_wconf 88' lang='lat' dir='ltr'><strong>est</strong></span> <span class='ocrx_word' id='word_1_5' title='bbox 688 670 729 737; x_wconf 89' lang='lat' dir='ltr'><strong>de</strong></span> <span class='ocrx_word' id='word_1_6' title='bbox 742 667 849 736; x_wconf 78' lang='lat' dir='ltr'><strong>Cassio</strong></span> <span class='ocrx_word' id='word_1_7' title='bbox 863 668 1006 754; x_wconf 79' lang='lat' dir='ltr'><strong>Longino</strong></span> <span class='ocrx_word' id='word_1_8' title='bbox 1020 666 1075 745; x_wconf 87' lang='lat' dir='ltr'><strong>IX,</strong></span> <span class='ocrx_word' id='word_1_9' title='bbox 1094 673 1120 744; x_wconf 88' lang='lat'><strong>1,</strong></span> <span class='ocrx_word' id='word_1_10' title='bbox 1137 669 1155 732; x_wconf 79' lang='grc'>3</span> <span class='ocrx_word' id='word_1_11' title='bbox 1168 683 1200 747; x_wconf 88' lang='lat' dir='ltr'><strong>p.</strong></span> <span class='ocrx_word' id='word_1_12' title='bbox 1210 650 1462 739; x_wconf 73' lang='lat' dir='ltr'><strong>737b&#39;llcoor&#39;p</strong></span> 
     </span>
     <span class='ocr_line' id='line_1_3' title="bbox 335 752 1455 862; baseline -0.021 -22"><span class='ocrx_word' id='word_1_13' title='bbox 335 771 372 840; x_wconf 78' lang='grc' dir='ltr'><strong>δὲ</strong></span> <span class='ocrx_word' id='word_1_14' title='bbox 392 770 550 860; x_wconf 76' lang='grc' dir='ltr'><em>Λογγίνῳ</em></span> <span class='ocrx_word' id='word_1_15' title='bbox 571 767 672 860; x_wconf 79' lang='grc' dir='ltr'><strong><em>λόγου</em></strong></span> <span class='ocrx_word' id='word_1_16' title='bbox 695 768 949 862; x_wconf 76' lang='grc' dir='ltr'><strong><em>προσπεσόντος</em></strong></span> <span class='ocrx_word' id='word_1_17' title='bbox 977 761 1177 844; x_wconf 79' lang='grc' dir='ltr'><strong>ἀδεσπότου,</strong></span> <span class='ocrx_word' id='word_1_18' title='bbox 1208 760 1266 827; x_wconf 87' lang='grc' dir='ltr'><strong>τὸν</strong></span> <span class='ocrx_word' id='word_1_19' title='bbox 1295 754 1367 824; x_wconf 84' lang='grc' dir='ltr'><strong>υῖδν</strong></span> <span class='ocrx_word' id='word_1_20' title='bbox 1395 752 1455 820; x_wconf 80' lang='grc' dir='ltr'><strong>ἐπὶ</strong></span> 
     </span>
    </p>
   </div>
   <div class='ocr_carea' id='block_1_3' title="bbox 261 851 1467 4366">
    <p class='ocr_par' dir='ltr' id='par_1_3' title="bbox 335 851 1467 2719">
     <span class='ocr_line' id='line_1_4' title="bbox 335 851 1466 961; baseline -0.014 -21"><span class='ocrx_word' id='word_1_21' title='bbox 335 873 429 961; x_wconf 83' lang='grc' dir='ltr'><em>ξένης</em></span> <span class='ocrx_word' id='word_1_22' title='bbox 456 871 619 940; x_wconf 71' lang='grc' dir='ltr'><em>τεθνάναι</em></span> <span class='ocrx_word' id='word_1_23' title='bbox 648 875 719 943; x_wconf 85' lang='grc' dir='ltr'><strong>καὶ</strong></span> <span class='ocrx_word' id='word_1_24' title='bbox 748 873 794 940; x_wconf 86' lang='grc' dir='ltr'><strong>τό</strong></span> <span class='ocrx_word' id='word_1_25' title='bbox 816 870 979 959; x_wconf 57' lang='lat' dir='ltr'><strong>utpute</strong></span> <span class='ocrx_word' id='word_1_26' title='bbox 1007 867 1183 953; x_wconf 82' lang='grc' dir='ltr'><strong><em>ἔχοντος</em></strong></span> <span class='ocrx_word' id='word_1_27' title='bbox 1213 862 1356 932; x_wconf 82' lang='grc' dir='ltr'><em>εἰπεῖν</em></span> <span class='ocrx_word' id='word_1_28' title='bbox 1386 851 1466 924; x_wconf 67' lang='lat' dir='ltr'><strong>odda*</strong></span> 
     </span>
     <span class='ocr_line' id='line_1_5' title="bbox 335 965 1466 1064; baseline -0.008 -18"><span class='ocrx_word' id='word_1_29' title='bbox 335 973 463 1048; x_wconf 78' lang='grc' dir='ltr'><em>ἀνελεῖν</em></span> <span class='ocrx_word' id='word_1_30' title='bbox 476 978 515 1046; x_wconf 91' lang='grc' dir='ltr'><strong>τδ</strong></span> <span class='ocrx_word' id='word_1_31' title='bbox 529 978 692 1062; x_wconf 77' lang='grc' dir='ltr'><strong><em>ὕποπτον,</em></strong></span> <span class='ocrx_word' id='word_1_32' title='bbox 708 977 869 1047; x_wconf 73' lang='grc' dir='ltr'><em>εἰσελθών</em></span> <span class='ocrx_word' id='word_1_33' title='bbox 888 972 1102 1064; x_wconf 77' lang='grc' dir='ltr'><strong><em>συγκλητικὸς</em></strong></span> <span class='ocrx_word' id='word_1_34' title='bbox 1123 967 1206 1062; x_wconf 72' lang='grc' dir='ltr'><em>ἀνήρ</em></span> <span class='ocrx_word' id='word_1_35' title='bbox 1220 969 1289 1035; x_wconf 82' lang='grc' dir='ltr'><strong><em>κτλ.</em></strong></span> <span class='ocrx_word' id='word_1_36' title='bbox 1326 965 1466 1032; x_wconf 55' lang='lat' dir='ltr'><strong>litha&amp;</strong></span> 
     </span>
     <span class='ocr_line' id='line_1_6' title="bbox 336 1061 1467 1178; baseline -0.009 -29"><span class='ocrx_word' id='word_1_37' title='bbox 336 1082 435 1178; x_wconf 75' lang='lat' dir='ltr'><strong>verba</strong></span> <span class='ocrx_word' id='word_1_38' title='bbox 454 1082 490 1148; x_wconf 93' lang='lat' dir='ltr'><strong>in</strong></span> <span class='ocrx_word' id='word_1_39' title='bbox 509 1082 641 1149; x_wconf 85' lang='lat' dir='ltr'><strong>vetustis</strong></span> <span class='ocrx_word' id='word_1_40' title='bbox 663 1081 855 1150; x_wconf 77' lang='lat' dir='ltr'><strong>editionibus</strong></span> <span class='ocrx_word' id='word_1_41' title='bbox 873 1080 1031 1165; x_wconf 80' lang='lat' dir='ltr'><strong>leguntur,</strong></span> <span class='ocrx_word' id='word_1_42' title='bbox 1052 1098 1073 1142; x_wconf 91' lang='lat' dir='ltr'><strong>a</strong></span> <span class='ocrx_word' id='word_1_43' title='bbox 1093 1075 1209 1160; x_wconf 90' lang='lat' dir='ltr'><strong>quibus</strong></span> <span class='ocrx_word' id='word_1_44' title='bbox 1230 1069 1355 1136; x_wconf 87' lang='lat' dir='ltr'><strong>codices</strong></span> <span class='ocrx_word' id='word_1_45' title='bbox 1375 1061 1467 1139; x_wconf 49' lang='lat' dir='ltr'><strong>nihil,</strong></span> 
     </span>
     <span class='ocr_line' id='line_1_7' title="bbox 336 1168 1465 1268; baseline -0.008 -20"><span class='ocrx_word' id='word_1_46' title='bbox 336 1182 421 1268; x_wconf 88' lang='lat' dir='ltr'><strong>quod</strong></span> <span class='ocrx_word' id='word_1_47' title='bbox 436 1183 479 1250; x_wconf 90' lang='lat' dir='ltr'><strong>ad</strong></span> <span class='ocrx_word' id='word_1_48' title='bbox 493 1205 560 1250; x_wconf 88' lang='lat' dir='ltr'><strong>rem</strong></span> <span class='ocrx_word' id='word_1_49' title='bbox 571 1185 738 1266; x_wconf 79' lang='lat' dir='ltr'><strong>pertineat,</strong></span> <span class='ocrx_word' id='word_1_50' title='bbox 749 1181 930 1248; x_wconf 86' lang='lat' dir='ltr'><strong>deflectunt</strong></span> <span class='ocrx_word' id='word_1_51' title='bbox 952 1181 1040 1258; x_wconf 78' lang='lat' dir='ltr'><strong>Quae</strong></span> <span class='ocrx_word' id='word_1_52' title='bbox 1055 1197 1128 1244; x_wconf 89' lang='lat' dir='ltr'><strong>cum</strong></span> <span class='ocrx_word' id='word_1_53' title='bbox 1140 1179 1252 1258; x_wconf 88' lang='lat' dir='ltr'><strong>aperte</strong></span> <span class='ocrx_word' id='word_1_54' title='bbox 1265 1171 1380 1237; x_wconf 83' lang='lat' dir='ltr'><strong>vitiosa</strong></span> <span class='ocrx_word' id='word_1_55' title='bbox 1393 1168 1465 1239; x_wconf 73' lang='lat' dir='ltr'><strong>sint</strong></span> 
     </span>
     <span class='ocr_line' id='line_1_8' title="bbox 337 1272 1463 1369; baseline -0.01 -15"><span class='ocrx_word' id='word_1_56' title='bbox 337 1285 474 1354; x_wconf 79' lang='lat' dir='ltr'><strong>editores</strong></span> <span class='ocrx_word' id='word_1_57' title='bbox 497 1288 645 1353; x_wconf 80' lang='lat' dir='ltr'><strong>certatim</strong></span> <span class='ocrx_word' id='word_1_58' title='bbox 667 1287 771 1354; x_wconf 90' lang='lat' dir='ltr'><strong>locum</strong></span> <span class='ocrx_word' id='word_1_59' title='bbox 796 1285 1024 1369; x_wconf 78' lang='lat' dir='ltr'><strong>suspitionibus</strong></span> <span class='ocrx_word' id='word_1_60' title='bbox 1044 1282 1253 1364; x_wconf 81' lang='lat' dir='ltr'><strong>temptarunt,</strong></span> <span class='ocrx_word' id='word_1_61' title='bbox 1276 1298 1318 1344; x_wconf 83' lang='lat' dir='ltr'><strong>ex</strong></span> <span class='ocrx_word' id='word_1_62' title='bbox 1348 1272 1463 1357; x_wconf 73' lang='lat' dir='ltr'><strong>quibus</strong></span> 
     </span>
     <span class='ocr_line' id='line_1_9' title="bbox 336 1376 1461 1472; baseline 0.008 -16"><span class='ocrx_word' id='word_1_63' title='bbox 336 1390 484 1457; x_wconf 85' lang='lat' dir='ltr'><strong>Raiskius</strong></span> <span class='ocrx_word' id='word_1_64' title='bbox 497 1391 633 1456; x_wconf 86' lang='lat' dir='ltr'><strong>coniecit</strong></span> <span class='ocrx_word' id='word_1_65' title='bbox 647 1389 703 1458; x_wconf 81' lang='grc' dir='ltr'><strong>καῖ</strong></span> <span class='ocrx_word' id='word_1_66' title='bbox 718 1385 851 1469; x_wconf 78' lang='grc' dir='ltr'><em>οὐδενὸς</em></span> <span class='ocrx_word' id='word_1_67' title='bbox 865 1383 945 1456; x_wconf 77' lang='grc' dir='ltr'><strong>οὐδὲ</strong></span> <span class='ocrx_word' id='word_1_68' title='bbox 956 1381 1104 1472; x_wconf 78' lang='grc' dir='ltr'><strong>τάληθὲς</strong></span> <span class='ocrx_word' id='word_1_69' title='bbox 1118 1380 1260 1466; x_wconf 74' lang='grc' dir='ltr'><strong><em>ἔχοντος,</em></strong></span> <span class='ocrx_word' id='word_1_70' title='bbox 1273 1376 1461 1464; x_wconf 54' lang='grc' dir='ltr'><strong>Ψλῖῗθῃλῑῑ·</strong></span> 
     </span>
     <span class='ocr_line' id='line_1_10' title="bbox 336 1484 1465 1580; baseline -0.012 -21"><span class='ocrx_word' id='word_1_71' title='bbox 336 1493 427 1560; x_wconf 86' lang='lat' dir='ltr'><strong>chius</strong></span> <span class='ocrx_word' id='word_1_72' title='bbox 444 1491 500 1559; x_wconf 85' lang='grc' dir='ltr'><strong>καὶ</strong></span> <span class='ocrx_word' id='word_1_73' title='bbox 520 1490 558 1559; x_wconf 87' lang='grc' dir='ltr'><strong>τό</strong></span> <span class='ocrx_word' id='word_1_74' title='bbox 576 1487 704 1580; x_wconf 73' lang='grc' dir='ltr'><strong>ἀληθὲς</strong></span> <span class='ocrx_word' id='word_1_75' title='bbox 724 1488 783 1560; x_wconf 80' lang='grc' dir='ltr'><strong>οὐκ</strong></span> <span class='ocrx_word' id='word_1_76' title='bbox 800 1490 908 1576; x_wconf 76' lang='grc' dir='ltr'><strong><em>ἔχοντι</em></strong></span> <span class='ocrx_word' id='word_1_77' title='bbox 922 1485 1030 1579; x_wconf 79' lang='grc' dir='ltr'><em>εὑρεῖν</em></span> <span class='ocrx_word' id='word_1_78' title='bbox 1042 1487 1094 1557; x_wconf 79' lang='lat' dir='ltr'><strong>vel</strong></span> <span class='ocrx_word' id='word_1_79' title='bbox 1110 1484 1212 1562; x_wconf 74' lang='grc' dir='ltr'><em>ἑλεῖν,</em></span> <span class='ocrx_word' id='word_1_80' title='bbox 1235 1484 1465 1571; x_wconf 84' lang='lat' dir='ltr'><strong>quodpropter</strong></span> 
     </span>
     <span class='ocr_line' id='line_1_11' title="bbox 337 1583 1464 1678; baseline -0.01 -18"><span class='ocrx_word' id='word_1_81' title='bbox 337 1592 460 1660; x_wconf 88' lang='lat' dir='ltr'><strong>hiatum</strong></span> <span class='ocrx_word' id='word_1_82' title='bbox 480 1592 694 1658; x_wconf 85' lang='lat' dir='ltr'><strong>reiectaneum</strong></span> <span class='ocrx_word' id='word_1_83' title='bbox 714 1597 775 1670; x_wconf 90' lang='lat' dir='ltr'><strong>est,</strong></span> <span class='ocrx_word' id='word_1_84' title='bbox 797 1591 985 1658; x_wconf 86' lang='lat' dir='ltr'><strong>Benselerus</strong></span> <span class='ocrx_word' id='word_1_85' title='bbox 1005 1590 1063 1658; x_wconf 78' lang='grc' dir='ltr'><strong>καὶ</strong></span> <span class='ocrx_word' id='word_1_86' title='bbox 1081 1584 1230 1678; x_wconf 71' lang='grc' dir='ltr'><strong>τάληθὲς</strong></span> <span class='ocrx_word' id='word_1_87' title='bbox 1245 1583 1316 1655; x_wconf 77' lang='grc' dir='ltr'><strong>οὐδ’</strong></span> <span class='ocrx_word' id='word_1_88' title='bbox 1332 1583 1464 1668; x_wconf 50' lang='lat' dir='ltr'><strong>&amp;aaron</strong></span> 
     </span>
     <span class='ocr_line' id='line_1_12' title="bbox 340 1688 1465 1781; baseline -0.007 -18"><span class='ocrx_word' id='word_1_89' title='bbox 340 1694 457 1764; x_wconf 86' lang='grc' dir='ltr'><em>εἰπεῖν.</em></span> <span class='ocrx_word' id='word_1_90' title='bbox 507 1697 598 1764; x_wconf 83' lang='lat' dir='ltr'><strong>Licet</strong></span> <span class='ocrx_word' id='word_1_91' title='bbox 617 1697 770 1781; x_wconf 77' lang='lat' dir='ltr'><strong>quidnam</strong></span> <span class='ocrx_word' id='word_1_92' title='bbox 792 1697 907 1764; x_wconf 89' lang='lat' dir='ltr'><strong>horum</strong></span> <span class='ocrx_word' id='word_1_93' title='bbox 927 1697 1129 1764; x_wconf 90' lang='lat' dir='ltr'><strong>conaminum</strong></span> <span class='ocrx_word' id='word_1_94' title='bbox 1148 1693 1397 1780; x_wconf 75' lang='lat' dir='ltr'><strong>praeoptaveris,</strong></span> <span class='ocrx_word' id='word_1_95' title='bbox 1423 1688 1465 1755; x_wconf 86' lang='lat' dir='ltr'><strong>ad</strong></span> 
     </span>
     <span class='ocr_line' id='line_1_13' title="bbox 337 1793 1464 1880; baseline -0.007 -13"><span class='ocrx_word' id='word_1_96' title='bbox 337 1800 527 1868; x_wconf 87' lang='lat' dir='ltr'><strong>sententiam</strong></span> <span class='ocrx_word' id='word_1_97' title='bbox 557 1821 621 1866; x_wconf 91' lang='lat' dir='ltr'><strong>non</strong></span> <span class='ocrx_word' id='word_1_98' title='bbox 649 1801 785 1866; x_wconf 91' lang='lat' dir='ltr'><strong>multum</strong></span> <span class='ocrx_word' id='word_1_99' title='bbox 810 1801 951 1880; x_wconf 84' lang='lat' dir='ltr'><strong>intersit,</strong></span> <span class='ocrx_word' id='word_1_100' title='bbox 979 1807 1089 1867; x_wconf 84' lang='lat' dir='ltr'><strong>tamen</strong></span> <span class='ocrx_word' id='word_1_101' title='bbox 1114 1822 1175 1867; x_wconf 86' lang='lat' dir='ltr'><strong>nec</strong></span> <span class='ocrx_word' id='word_1_102' title='bbox 1195 1798 1306 1866; x_wconf 84' lang='lat' dir='ltr'><strong>Reiski</strong></span> <span class='ocrx_word' id='word_1_103' title='bbox 1332 1793 1464 1879; x_wconf 89' lang='lat' dir='ltr'><strong>suspitio</strong></span> 
     </span>
     <span class='ocr_line' id='line_1_14' title="bbox 336 1904 1462 1991; baseline -0.004 -19"><span class='ocrx_word' id='word_1_104' title='bbox 336 1912 467 1991; x_wconf 86' lang='lat' dir='ltr'><strong>praeter</strong></span> <span class='ocrx_word' id='word_1_105' title='bbox 494 1906 715 1974; x_wconf 84' lang='lat' dir='ltr'><strong>necessitatem</strong></span> <span class='ocrx_word' id='word_1_106' title='bbox 745 1909 899 1990; x_wconf 80' lang='lat' dir='ltr'><strong>conplura</strong></span> <span class='ocrx_word' id='word_1_107' title='bbox 927 1907 1089 1974; x_wconf 88' lang='lat' dir='ltr'><strong>turbantis</strong></span> <span class='ocrx_word' id='word_1_108' title='bbox 1116 1906 1272 1974; x_wconf 85' lang='lat' dir='ltr'><strong>satisfacit</strong></span> <span class='ocrx_word' id='word_1_109' title='bbox 1292 1910 1326 1972; x_wconf 87' lang='lat' dir='ltr'><strong>et</strong></span> <span class='ocrx_word' id='word_1_110' title='bbox 1346 1904 1462 1970; x_wconf 82' lang='lat' dir='ltr'><strong>Bense-</strong></span> 
     </span>
     <span class='ocr_line' id='line_1_15' title="bbox 336 2004 1465 2097; baseline -0.004 -20"><span class='ocrx_word' id='word_1_111' title='bbox 336 2011 398 2078; x_wconf 89' lang='lat' dir='ltr'><strong>lsri</strong></span> <span class='ocrx_word' id='word_1_112' title='bbox 430 2011 582 2078; x_wconf 86' lang='lat' dir='ltr'><strong>correctio</strong></span> <span class='ocrx_word' id='word_1_113' title='bbox 616 2010 677 2076; x_wconf 92' lang='lat' dir='ltr'><strong>hoc</strong></span> <span class='ocrx_word' id='word_1_114' title='bbox 710 2011 946 2079; x_wconf 90' lang='lat' dir='ltr'><strong>incommodum</strong></span> <span class='ocrx_word' id='word_1_115' title='bbox 980 2012 1080 2079; x_wconf 87' lang='lat' dir='ltr'><strong>babet</strong></span> <span class='ocrx_word' id='word_1_116' title='bbox 1110 2011 1342 2097; x_wconf 82' lang='lat' dir='ltr'><strong>grauissimum,</strong></span> <span class='ocrx_word' id='word_1_117' title='bbox 1378 2004 1465 2092; x_wconf 89' lang='lat' dir='ltr'><strong>quod</strong></span> 
     </span>
     <span class='ocr_line' id='line_1_16' title="bbox 338 2111 1466 2200; baseline -0.004 -21"><span class='ocrx_word' id='word_1_118' title='bbox 338 2120 562 2198; x_wconf 81' lang='lat' dir='ltr'><strong>praeterquam</strong></span> <span class='ocrx_word' id='word_1_119' title='bbox 583 2113 683 2198; x_wconf 87' lang='lat' dir='ltr'><strong>quod,</strong></span> <span class='ocrx_word' id='word_1_120' title='bbox 711 2136 849 2199; x_wconf 85' lang='lat' dir='ltr'><strong>quonam</strong></span> <span class='ocrx_word' id='word_1_121' title='bbox 870 2137 946 2182; x_wconf 88' lang='lat' dir='ltr'><strong>casu</strong></span> <span class='ocrx_word' id='word_1_122' title='bbox 973 2117 1174 2184; x_wconf 87' lang='lat' dir='ltr'><strong>interciderit</strong></span> <span class='ocrx_word' id='word_1_123' title='bbox 1200 2115 1341 2200; x_wconf 84' lang='lat' dir='ltr'><strong>negatio,</strong></span> <span class='ocrx_word' id='word_1_124' title='bbox 1367 2117 1406 2178; x_wconf 91' lang='lat' dir='ltr'><strong>ut</strong></span> <span class='ocrx_word' id='word_1_125' title='bbox 1429 2111 1466 2175; x_wconf 93' lang='lat' dir='ltr'><strong>in</strong></span> 
     </span>
     <span class='ocr_line' id='line_1_17' title="bbox 338 2214 1465 2305; baseline -0.006 -20"><span class='ocrx_word' id='word_1_126' title='bbox 338 2225 516 2285; x_wconf 88' lang='lat' dir='ltr'><strong>ceterorum</strong></span> <span class='ocrx_word' id='word_1_127' title='bbox 535 2219 737 2298; x_wconf 89' lang='lat' dir='ltr'><strong>coniecturis,</strong></span> <span class='ocrx_word' id='word_1_128' title='bbox 759 2221 920 2286; x_wconf 89' lang='lat' dir='ltr'><strong>incassum</strong></span> <span class='ocrx_word' id='word_1_129' title='bbox 944 2221 1071 2305; x_wconf 84' lang='lat' dir='ltr'><strong>quaeris</strong></span> <span class='ocrx_word' id='word_1_130' title='bbox 1091 2241 1156 2285; x_wconf 92' lang='lat' dir='ltr'><strong>non</strong></span> <span class='ocrx_word' id='word_1_131' title='bbox 1172 2219 1249 2285; x_wconf 88' lang='lat' dir='ltr'><strong>satis</strong></span> <span class='ocrx_word' id='word_1_132' title='bbox 1272 2214 1465 2300; x_wconf 81' lang='lat' dir='ltr'><strong>perspicitur</strong></span> 
     </span>
     <span class='ocr_line' id='line_1_18' title="bbox 338 2318 1462 2408; baseline -0.003 -21"><span class='ocrx_word' id='word_1_133' title='bbox 338 2345 400 2408; x_wconf 92' lang='lat' dir='ltr'><strong>quo</strong></span> <span class='ocrx_word' id='word_1_134' title='bbox 424 2321 626 2388; x_wconf 86' lang='lat' dir='ltr'><strong>referendum</strong></span> <span class='ocrx_word' id='word_1_135' title='bbox 648 2323 690 2388; x_wconf 89' lang='lat' dir='ltr'><strong>sit</strong></span> <span class='ocrx_word' id='word_1_136' title='bbox 710 2318 852 2404; x_wconf 67' lang='grc' dir='ltr'><strong>ι’όηοντος.</strong></span> <span class='ocrx_word' id='word_1_137' title='bbox 906 2322 1115 2390; x_wconf 89' lang='lat' dir='ltr'><strong>Scribendum</strong></span> <span class='ocrx_word' id='word_1_138' title='bbox 1140 2327 1190 2390; x_wconf 93' lang='lat' dir='ltr'><strong>est</strong></span> <span class='ocrx_word' id='word_1_139' title='bbox 1209 2326 1318 2388; x_wconf 83' lang='lat' dir='ltr'><strong>autem</strong></span> <span class='ocrx_word' id='word_1_140' title='bbox 1338 2319 1462 2403; x_wconf 80' lang='lat' dir='ltr'><strong>elegan-</strong></span> 
     </span>
     <span class='ocr_line' id='line_1_19' title="bbox 337 2417 1464 2512; baseline -0.006 -18"><span class='ocrx_word' id='word_1_141' title='bbox 337 2428 460 2494; x_wconf 90' lang='lat' dir='ltr'><strong>tissima</strong></span> <span class='ocrx_word' id='word_1_142' title='bbox 481 2432 513 2492; x_wconf 88' lang='lat' dir='ltr'><strong>et</strong></span> <span class='ocrx_word' id='word_1_143' title='bbox 530 2427 697 2509; x_wconf 88' lang='lat' dir='ltr'><strong>aptissima</strong></span> <span class='ocrx_word' id='word_1_144' title='bbox 719 2427 873 2493; x_wconf 81' lang='lat' dir='ltr'><strong>orationis</strong></span> <span class='ocrx_word' id='word_1_145' title='bbox 893 2426 995 2494; x_wconf 82' lang='lat' dir='ltr'><strong>forma</strong></span> <span class='ocrx_word' id='word_1_146' title='bbox 1017 2425 1139 2493; x_wconf 86' lang='grc' dir='ltr'><strong><em>καὶτὸ</em></strong></span> <span class='ocrx_word' id='word_1_147' title='bbox 1168 2421 1368 2512; x_wconf 56' lang='grc' dir='ltr'><em>ἄληθες)</em></span> <span class='ocrx_word' id='word_1_148' title='bbox 1389 2417 1464 2489; x_wconf 79' lang='grc' dir='ltr'><strong>οὐκ</strong></span> 
     </span>
     <span class='ocr_line' id='line_1_20' title="bbox 340 2519 1463 2606; baseline -0.001 -13"><span class='ocrx_word' id='word_1_149' title='bbox 340 2519 462 2605; x_wconf 68' lang='lat' dir='ltr'><strong>ducos</strong></span> <span class='ocrx_word' id='word_1_150' title='bbox 483 2521 590 2594; x_wconf 73' lang='lat' dir='ltr'><strong>cincio</strong></span> <span class='ocrx_word' id='word_1_151' title='bbox 614 2521 691 2594; x_wconf 74' lang='grc' dir='ltr'><strong>οὐδὲ</strong></span> <span class='ocrx_word' id='word_1_152' title='bbox 714 2523 840 2596; x_wconf 79' lang='grc' dir='ltr'><em>ἀνελεῖν</em></span> <span class='ocrx_word' id='word_1_153' title='bbox 854 2527 894 2597; x_wconf 83' lang='grc' dir='ltr'><strong>τὸ</strong></span> <span class='ocrx_word' id='word_1_154' title='bbox 913 2525 1231 2596; x_wconf 63' lang='lat' dir='ltr'><strong>incarnatam</strong></span> <span class='ocrx_word' id='word_1_155' title='bbox 1245 2553 1327 2595; x_wconf 75' lang='grc' dir='ltr'><strong><em>τουτο</em></strong></span> <span class='ocrx_word' id='word_1_156' title='bbox 1344 2531 1463 2606; x_wconf 63' lang='lat' dir='ltr'><strong>maaet,</strong></span> 
     </span>
     <span class='ocr_line' id='line_1_21' title="bbox 338 2633 1463 2719; baseline 0.003 -23"><span class='ocrx_word' id='word_1_157' title='bbox 338 2639 392 2718; x_wconf 80' lang='grc' dir='ltr'><em>ηυι·</em></span> <span class='ocrx_word' id='word_1_158' title='bbox 411 2634 447 2698; x_wconf 84' lang='grc' dir='ltr'><strong>δε</strong></span> <span class='ocrx_word' id='word_1_159' title='bbox 468 2637 558 2698; x_wconf 82' lang='lat' dir='ltr'><strong>morte</strong></span> <span class='ocrx_word' id='word_1_160' title='bbox 569 2633 638 2714; x_wconf 76' lang='lat' dir='ltr'><strong>fila·</strong></span> <span class='ocrx_word' id='word_1_161' title='bbox 657 2656 756 2700; x_wconf 82' lang='grc' dir='ltr'><em>οινιινι</em></span> <span class='ocrx_word' id='word_1_162' title='bbox 775 2637 855 2719; x_wconf 77' lang='lat' dir='ltr'><strong>loqui</strong></span> <span class='ocrx_word' id='word_1_163' title='bbox 873 2641 926 2700; x_wconf 84' lang='lat' dir='ltr'><strong>aut</strong></span> <span class='ocrx_word' id='word_1_164' title='bbox 941 2639 1131 2719; x_wconf 76' lang='lat' dir='ltr'><strong>cuapitionem</strong></span> <span class='ocrx_word' id='word_1_165' title='bbox 1146 2638 1260 2701; x_wconf 80' lang='lat' dir='ltr'><strong>diluere</strong></span> <span class='ocrx_word' id='word_1_166' title='bbox 1273 2636 1392 2701; x_wconf 68' lang='lat' dir='ltr'><strong>auderet</strong></span> <span class='ocrx_word' id='word_1_167' title='bbox 1404 2637 1463 2699; x_wconf 76' lang='lat' dir='ltr'><strong>etc.</strong></span> 
     </span>
    </p>

    <p class='ocr_par' dir='ltr' id='par_1_4' title="bbox 261 2729 1465 4366">
     <span class='ocr_line' id='line_1_22' title="bbox 423 2729 1464 2823; baseline 0 -23"><span class='ocrx_word' id='word_1_168' title='bbox 423 2733 520 2800; x_wconf 86' lang='lat' dir='ltr'><strong>Libro</strong></span> <span class='ocrx_word' id='word_1_169' title='bbox 542 2733 605 2812; x_wconf 89' lang='lat' dir='ltr'><strong>IX,</strong></span> <span class='ocrx_word' id='word_1_170' title='bbox 631 2739 682 2814; x_wconf 83' lang='lat'><strong>13,</strong></span> <span class='ocrx_word' id='word_1_171' title='bbox 706 2740 724 2802; x_wconf 87' lang='grc'><strong>3</strong></span> <span class='ocrx_word' id='word_1_172' title='bbox 747 2755 777 2817; x_wconf 91' lang='lat' dir='ltr'><strong>p.</strong></span> <span class='ocrx_word' id='word_1_173' title='bbox 801 2737 892 2803; x_wconf 85' lang='lat' dir='ltr'><strong>743b</strong></span> <span class='ocrx_word' id='word_1_174' title='bbox 914 2738 949 2802; x_wconf 92' lang='lat' dir='ltr'><strong>in</strong></span> <span class='ocrx_word' id='word_1_175' title='bbox 970 2737 1074 2803; x_wconf 86' lang='lat' dir='ltr'><strong>verbis</strong></span> <span class='ocrx_word' id='word_1_176' title='bbox 1096 2729 1166 2803; x_wconf 73' lang='grc' dir='ltr'><strong>οὐδ’</strong></span> <span class='ocrx_word' id='word_1_177' title='bbox 1187 2729 1368 2823; x_wconf 77' lang='grc' dir='ltr'><em>ἠμνημόνει</em></span> <span class='ocrx_word' id='word_1_178' title='bbox 1385 2736 1464 2800; x_wconf 84' lang='grc' dir='ltr'><strong>τοῖν</strong></span> 
     </span>
     <span class='ocr_line' id='line_1_23' title="bbox 337 2827 1464 2924; baseline 0.002 -22"><span class='ocrx_word' id='word_1_179' title='bbox 337 2828 403 2902; x_wconf 79' lang='grc' dir='ltr'><strong>ὑπ’</strong></span> <span class='ocrx_word' id='word_1_180' title='bbox 434 2827 567 2900; x_wconf 76' lang='grc' dir='ltr'><strong><em>αὐτοῦ</em></strong></span> <span class='ocrx_word' id='word_1_181' title='bbox 596 2832 837 2924; x_wconf 80' lang='grc' dir='ltr'><em>εἰρημένον</em></span> <span class='ocrx_word' id='word_1_182' title='bbox 856 2838 1055 2919; x_wconf 87' lang='lat' dir='ltr'><strong>supersederi</strong></span> <span class='ocrx_word' id='word_1_183' title='bbox 1087 2839 1340 2922; x_wconf 86' lang='lat' dir='ltr'><strong>transpositione,</strong></span> <span class='ocrx_word' id='word_1_184' title='bbox 1368 2857 1464 2921; x_wconf 85' lang='lat' dir='ltr'><strong>quam</strong></span> 
     </span>
     <span class='ocr_line' id='line_1_24' title="bbox 342 2937 1464 3024; baseline 0 -20"><span class='ocrx_word' id='word_1_185' title='bbox 342 2937 616 3004; x_wconf 84' lang='lat' dir='ltr'><strong>commendaverat</strong></span> <span class='ocrx_word' id='word_1_186' title='bbox 635 2937 836 3017; x_wconf 88' lang='lat' dir='ltr'><strong>Benselerus,</strong></span> <span class='ocrx_word' id='word_1_187' title='bbox 857 2960 949 3022; x_wconf 84' lang='lat' dir='ltr'><strong>posse</strong></span> <span class='ocrx_word' id='word_1_188' title='bbox 971 2942 1121 3020; x_wconf 84' lang='lat' dir='ltr'><strong>arbitror,</strong></span> <span class='ocrx_word' id='word_1_189' title='bbox 1141 2964 1214 3008; x_wconf 91' lang='lat' dir='ltr'><strong>cum</strong></span> <span class='ocrx_word' id='word_1_190' title='bbox 1237 2946 1351 3024; x_wconf 89' lang='lat' dir='ltr'><strong>reputo</strong></span> <span class='ocrx_word' id='word_1_191' title='bbox 1369 2941 1406 3006; x_wconf 91' lang='lat' dir='ltr'><strong>in</strong></span> <span class='ocrx_word' id='word_1_192' title='bbox 1426 2961 1464 3004; x_wconf 90' lang='lat' dir='ltr'><strong>ea</strong></span> 
     </span>
     <span class='ocr_line' id='line_1_25' title="bbox 341 3041 1465 3128; baseline 0.001 -19"><span class='ocrx_word' id='word_1_193' title='bbox 341 3043 518 3110; x_wconf 89' lang='lat' dir='ltr'><strong>scribarum</strong></span> <span class='ocrx_word' id='word_1_194' title='bbox 547 3041 749 3108; x_wconf 85' lang='lat' dir='ltr'><strong>festinatione</strong></span> <span class='ocrx_word' id='word_1_195' title='bbox 779 3043 882 3127; x_wconf 87' lang='lat' dir='ltr'><strong>qualis</strong></span> <span class='ocrx_word' id='word_1_196' title='bbox 915 3051 964 3110; x_wconf 88' lang='lat' dir='ltr'><strong>cst</strong></span> <span class='ocrx_word' id='word_1_197' title='bbox 990 3045 1026 3109; x_wconf 92' lang='lat' dir='ltr'><strong>in</strong></span> <span class='ocrx_word' id='word_1_198' title='bbox 1057 3046 1108 3110; x_wconf 92' lang='lat' dir='ltr'><strong>his</strong></span> <span class='ocrx_word' id='word_1_199' title='bbox 1138 3045 1244 3123; x_wconf 88' lang='lat' dir='ltr'><strong>libris,</strong></span> <span class='ocrx_word' id='word_1_200' title='bbox 1275 3066 1372 3128; x_wconf 89' lang='lat' dir='ltr'><strong>quam</strong></span> <span class='ocrx_word' id='word_1_201' title='bbox 1400 3043 1465 3110; x_wconf 85' lang='lat' dir='ltr'><strong>alia</strong></span> 
     </span>
     <span class='ocr_line' id='line_1_26' title="bbox 340 3143 1463 3230; baseline 0 -20"><span class='ocrx_word' id='word_1_202' title='bbox 340 3164 465 3230; x_wconf 88' lang='lat' dir='ltr'><strong>quoque</strong></span> <span class='ocrx_word' id='word_1_203' title='bbox 493 3143 638 3226; x_wconf 87' lang='lat' dir='ltr'><strong>exempla</strong></span> <span class='ocrx_word' id='word_1_204' title='bbox 668 3148 720 3209; x_wconf 90' lang='lat' dir='ltr'><strong>sat</strong></span> <span class='ocrx_word' id='word_1_205' title='bbox 746 3143 848 3210; x_wconf 89' lang='lat' dir='ltr'><strong>multa</strong></span> <span class='ocrx_word' id='word_1_206' title='bbox 875 3143 1028 3226; x_wconf 88' lang='lat' dir='ltr'><strong>produnt,</strong></span> <span class='ocrx_word' id='word_1_207' title='bbox 1057 3145 1144 3210; x_wconf 90' lang='lat' dir='ltr'><strong>haud</strong></span> <span class='ocrx_word' id='word_1_208' title='bbox 1172 3143 1358 3212; x_wconf 86' lang='lat' dir='ltr'><strong>incredibile</strong></span> <span class='ocrx_word' id='word_1_209' title='bbox 1387 3165 1463 3222; x_wconf 86' lang='lat' dir='ltr'><strong>csse,</strong></span> 
     </span>
     <span class='ocr_line' id='line_1_27' title="bbox 340 3238 1461 3336; baseline -0.002 -24"><span class='ocrx_word' id='word_1_210' title='bbox 340 3252 377 3314; x_wconf 89' lang='lat' dir='ltr'><strong>ut</strong></span> <span class='ocrx_word' id='word_1_211' title='bbox 405 3269 426 3313; x_wconf 86' lang='lat' dir='ltr'><strong>a</strong></span> <span class='ocrx_word' id='word_1_212' title='bbox 452 3246 621 3312; x_wconf 89' lang='lat' dir='ltr'><strong>Plutarcho</strong></span> <span class='ocrx_word' id='word_1_213' title='bbox 649 3246 779 3312; x_wconf 75' lang='grc' dir='ltr'><em>εἰλεῶν</em></span> <span class='ocrx_word' id='word_1_214' title='bbox 803 3238 860 3312; x_wconf 73' lang='grc' dir='ltr'><strong>ὑπ’</strong></span> <span class='ocrx_word' id='word_1_215' title='bbox 895 3240 998 3312; x_wconf 71' lang='lat' dir='ltr'><strong>adrat</strong></span> <span class='ocrx_word' id='word_1_216' title='bbox 1024 3244 1322 3336; x_wconf 81' lang='grc' dir='ltr'><em>διειρημένων.</em></span> <span class='ocrx_word' id='word_1_217' title='bbox 1377 3246 1461 3312; x_wconf 87' lang='lat' dir='ltr'><strong>ltam</strong></span> 
     </span>
     <span class='ocr_line' id='line_1_28' title="bbox 261 3341 1462 3437; baseline -0.005 -15"><span class='ocrx_word' id='word_1_218' title='bbox 261 3359 268 3375; x_wconf 93' lang='lat'>&#39;</span> <span class='ocrx_word' id='word_1_219' title='bbox 341 3353 422 3422; x_wconf 92' lang='lat' dir='ltr'><strong>mihi</strong></span> <span class='ocrx_word' id='word_1_220' title='bbox 442 3353 574 3436; x_wconf 90' lang='lat' dir='ltr'><strong>suspitio</strong></span> <span class='ocrx_word' id='word_1_221' title='bbox 594 3357 643 3418; x_wconf 88' lang='lat' dir='ltr'><strong>est</strong></span> <span class='ocrx_word' id='word_1_222' title='bbox 660 3373 718 3434; x_wconf 90' lang='lat' dir='ltr'><strong>pro</strong></span> <span class='ocrx_word' id='word_1_223' title='bbox 735 3352 821 3418; x_wconf 89' lang='lat' dir='ltr'><strong>hisce</strong></span> <span class='ocrx_word' id='word_1_224' title='bbox 843 3353 899 3432; x_wconf 85' lang='lat' dir='ltr'><strong>IX,</strong></span> <span class='ocrx_word' id='word_1_225' title='bbox 919 3357 999 3432; x_wconf 83' lang='lat' dir='ltr'><strong>13,l</strong></span> <span class='ocrx_word' id='word_1_226' title='bbox 1022 3374 1053 3436; x_wconf 93' lang='lat' dir='ltr'><strong>p.</strong></span> <span class='ocrx_word' id='word_1_227' title='bbox 1070 3358 1161 3420; x_wconf 78' lang='lat' dir='ltr'><strong>742a</strong></span> <span class='ocrx_word' id='word_1_228' title='bbox 1182 3353 1254 3430; x_wconf 77' lang='grc' dir='ltr'><strong>πῶς</strong></span> <span class='ocrx_word' id='word_1_229' title='bbox 1276 3341 1462 3437; x_wconf 54' lang='lat' dir='ltr'><strong>strapas,</strong></span> 
     </span>
     <span class='ocr_line' id='line_1_29' title="bbox 341 3449 1461 3544; baseline -0.002 -22"><span class='ocrx_word' id='word_1_230' title='bbox 341 3457 400 3544; x_wconf 81' lang='grc' dir='ltr'><strong>την</strong></span> <span class='ocrx_word' id='word_1_231' title='bbox 422 3453 516 3540; x_wconf 83' lang='grc' dir='ltr'><em>δίκην</em></span> <span class='ocrx_word' id='word_1_232' title='bbox 538 3449 659 3540; x_wconf 83' lang='grc' dir='ltr'><strong><em>ταύτην</em></strong></span> <span class='ocrx_word' id='word_1_233' title='bbox 680 3450 843 3520; x_wconf 73' lang='grc' dir='ltr'><strong><em>ἰδ’όντατα</em></strong></span> <span class='ocrx_word' id='word_1_234' title='bbox 866 3450 988 3521; x_wconf 80' lang='grc' dir='ltr'><strong>εἴποι</strong></span> <span class='ocrx_word' id='word_1_235' title='bbox 1010 3455 1066 3523; x_wconf 85' lang='grc' dir='ltr'><strong>καὶ</strong></span> <span class='ocrx_word' id='word_1_236' title='bbox 1086 3451 1269 3542; x_wconf 78' lang='grc' dir='ltr'><strong>διαιτήσειε</strong></span> <span class='ocrx_word' id='word_1_237' title='bbox 1287 3454 1347 3542; x_wconf 78' lang='grc' dir='ltr'><strong>τὴν</strong></span> <span class='ocrx_word' id='word_1_238' title='bbox 1366 3451 1461 3521; x_wconf 80' lang='grc' dir='ltr'><em>ἀντι-</em></span> 
     </span>
     <span class='ocr_line' id='line_1_30' title="bbox 301 3550 1463 3647; baseline -0.001 -21"><span class='ocrx_word' id='word_1_239' title='bbox 301 3569 304 3575; x_wconf 88' lang='grc'><strong>’</strong></span> <span class='ocrx_word' id='word_1_240' title='bbox 340 3554 461 3640; x_wconf 87' lang='grc' dir='ltr'><strong><em>νομίαν</em></strong></span> <span class='ocrx_word' id='word_1_241' title='bbox 483 3557 739 3623; x_wconf 87' lang='lat' dir='ltr'><strong>substituendum</strong></span> <span class='ocrx_word' id='word_1_242' title='bbox 759 3578 827 3624; x_wconf 88' lang='lat' dir='ltr'><strong>csse</strong></span> <span class='ocrx_word' id='word_1_243' title='bbox 850 3561 923 3637; x_wconf 84' lang='grc' dir='ltr'><strong>πῶς</strong></span> <span class='ocrx_word' id='word_1_244' title='bbox 945 3550 1012 3639; x_wconf 83' lang='grc' dir='ltr'><strong><em>οὖν,</em></strong></span> <span class='ocrx_word' id='word_1_245' title='bbox 1035 3555 1130 3647; x_wconf 78' lang='grc' dir='ltr'><em>ἔφην,</em></span> <span class='ocrx_word' id='word_1_246' title='bbox 1154 3556 1212 3646; x_wconf 80' lang='grc' dir='ltr'><strong>τὴν</strong></span> <span class='ocrx_word' id='word_1_247' title='bbox 1233 3554 1328 3646; x_wconf 84' lang='grc' dir='ltr'><em>δίκην</em></span> <span class='ocrx_word' id='word_1_248' title='bbox 1341 3556 1463 3646; x_wconf 84' lang='grc' dir='ltr'><strong><em>ταύτην</em></strong></span> 
     </span>
     <span class='ocr_line' id='line_1_31' title="bbox 340 3653 1464 3748; baseline 0.002 -23"><span class='ocrx_word' id='word_1_249' title='bbox 340 3656 503 3725; x_wconf 72' lang='grc' dir='ltr'><strong><em>ἰθύντατα</em></strong></span> <span class='ocrx_word' id='word_1_250' title='bbox 534 3653 706 3724; x_wconf 84' lang='grc' dir='ltr'><em>διεῖποι</em></span> <span class='ocrx_word' id='word_1_251' title='bbox 734 3682 799 3736; x_wconf 90' lang='grc' dir='ltr'><strong>τις</strong></span> <span class='ocrx_word' id='word_1_252' title='bbox 825 3658 882 3726; x_wconf 85' lang='grc' dir='ltr'><strong><em>καί</em></strong></span> <span class='ocrx_word' id='word_1_253' title='bbox 911 3656 1128 3748; x_wconf 80' lang='grc' dir='ltr'><em>διαιτήσειεν,</em></span> <span class='ocrx_word' id='word_1_254' title='bbox 1155 3659 1330 3745; x_wconf 86' lang='lat' dir='ltr'><strong>inquibus</strong></span> <span class='ocrx_word' id='word_1_255' title='bbox 1365 3683 1416 3739; x_wconf 88' lang='grc' dir='ltr'><strong>τις</strong></span> <span class='ocrx_word' id='word_1_256' title='bbox 1442 3680 1464 3727; x_wconf 81' lang='lat' dir='ltr'><strong>a</strong></span> 
     </span>
     <span class='ocr_line' id='line_1_32' title="bbox 340 3763 1461 3850; baseline 0.001 -20"><span class='ocrx_word' id='word_1_257' title='bbox 340 3763 524 3843; x_wconf 80' lang='lat' dir='ltr'><strong>Meziriaco,</strong></span> <span class='ocrx_word' id='word_1_258' title='bbox 550 3763 606 3847; x_wconf 88' lang='lat' dir='ltr'><strong>qui</strong></span> <span class='ocrx_word' id='word_1_259' title='bbox 634 3767 801 3847; x_wconf 83' lang='lat' dir='ltr'><strong>praetcrea</strong></span> <span class='ocrx_word' id='word_1_260' title='bbox 821 3765 909 3831; x_wconf 89' lang='lat' dir='ltr'><strong>haud</strong></span> <span class='ocrx_word' id='word_1_261' title='bbox 935 3765 1044 3848; x_wconf 87' lang='lat' dir='ltr'><strong>inepte</strong></span> <span class='ocrx_word' id='word_1_262' title='bbox 1073 3765 1273 3850; x_wconf 86' lang='lat' dir='ltr'><strong>proponebat</strong></span> <span class='ocrx_word' id='word_1_263' title='bbox 1300 3767 1321 3832; x_wconf 89' lang='grc' dir='ltr'><em>δ</em></span> <span class='ocrx_word' id='word_1_264' title='bbox 1328 3765 1461 3846; x_wconf 85' lang='grc' dir='ltr'><em>ιε’ποι,</em></span> 
     </span>
     <span class='ocr_line' id='line_1_33' title="bbox 340 3865 1464 3953; baseline -0.002 -19"><span class='ocrx_word' id='word_1_265' title='bbox 340 3873 527 3950; x_wconf 84' lang='lat' dir='ltr'><strong>occupatum</strong></span> <span class='ocrx_word' id='word_1_266' title='bbox 555 3867 654 3934; x_wconf 88' lang='lat' dir='ltr'><strong>video.</strong></span> <span class='ocrx_word' id='word_1_267' title='bbox 697 3867 763 3934; x_wconf 88' lang='lat' dir='ltr'><strong>Nec</strong></span> <span class='ocrx_word' id='word_1_268' title='bbox 792 3867 1003 3935; x_wconf 85' lang='lat' dir='ltr'><strong>dubitandum</strong></span> <span class='ocrx_word' id='word_1_269' title='bbox 1029 3869 1107 3953; x_wconf 86' lang='lat' dir='ltr'><strong>quin</strong></span> <span class='ocrx_word' id='word_1_270' title='bbox 1137 3867 1249 3934; x_wconf 89' lang='lat' dir='ltr'><strong>eadem</strong></span> <span class='ocrx_word' id='word_1_271' title='bbox 1276 3865 1464 3935; x_wconf 83' lang='lat' dir='ltr'><strong>emendandi</strong></span> 
     </span>
     <span class='ocr_line' id='line_1_34' title="bbox 341 3961 1462 4056; baseline -0.004 -17"><span class='ocrx_word' id='word_1_272' title='bbox 341 3974 393 4039; x_wconf 80' lang='lat' dir='ltr'><strong>via</strong></span> <span class='ocrx_word' id='word_1_273' title='bbox 414 3971 623 4056; x_wconf 83' lang='lat' dir='ltr'><strong>ingredienda</strong></span> <span class='ocrx_word' id='word_1_274' title='bbox 643 3973 686 4038; x_wconf 86' lang='lat' dir='ltr'><strong>sit</strong></span> <span class='ocrx_word' id='word_1_275' title='bbox 704 3970 759 4052; x_wconf 90' lang='lat' dir='ltr'><strong>VI,</strong></span> <span class='ocrx_word' id='word_1_276' title='bbox 782 3979 809 4051; x_wconf 84' lang='lat'><strong>7,</strong></span> <span class='ocrx_word' id='word_1_277' title='bbox 836 3979 848 4038; x_wconf 91' lang='lat'>1</span> <span class='ocrx_word' id='word_1_278' title='bbox 871 3993 902 4054; x_wconf 93' lang='lat' dir='ltr'><strong>p.</strong></span> <span class='ocrx_word' id='word_1_279' title='bbox 925 3978 1015 4039; x_wconf 78' lang='lat'>6920</span> <span class='ocrx_word' id='word_1_280' title='bbox 1049 3968 1182 4036; x_wconf 81' lang='grc' dir='ltr'><strong><em>καὶτὸν</em></strong></span> <span class='ocrx_word' id='word_1_281' title='bbox 1204 3961 1294 4037; x_wconf 82' lang='grc' dir='ltr'><strong><em>οἶνον</em></strong></span> <span class='ocrx_word' id='word_1_282' title='bbox 1316 3964 1376 4036; x_wconf 75' lang='lat' dir='ltr'><strong>otiu</strong></span> <span class='ocrx_word' id='word_1_283' title='bbox 1396 3965 1462 4056; x_wconf 74' lang='grc' dir='ltr'><strong>ἔφη</strong></span> 
     </span>
     <span class='ocr_line' id='line_1_35' title="bbox 282 4065 1463 4160; baseline -0.004 -19"><span class='ocrx_word' id='word_1_284' title='bbox 282 4126 285 4132; x_wconf 83' lang='grc'>.</span> <span class='ocrx_word' id='word_1_285' title='bbox 343 4076 412 4141; x_wconf 88' lang='grc' dir='ltr'><em>δεῖν</em></span> <span class='ocrx_word' id='word_1_286' title='bbox 442 4072 615 4160; x_wconf 75' lang='grc' dir='ltr'><em>ἐγχεῖσθαι</em></span> <span class='ocrx_word' id='word_1_287' title='bbox 643 4065 876 4160; x_wconf 68' lang='grc' dir='ltr'><em>η’δημὲνον,</em></span> <span class='ocrx_word' id='word_1_288' title='bbox 907 4073 963 4138; x_wconf 90' lang='lat' dir='ltr'><strong>ubi</strong></span> <span class='ocrx_word' id='word_1_289' title='bbox 984 4094 1056 4138; x_wconf 92' lang='lat' dir='ltr'><strong>cum</strong></span> <span class='ocrx_word' id='word_1_290' title='bbox 1075 4072 1246 4138; x_wconf 85' lang='lat' dir='ltr'><strong>Benselero</strong></span> <span class='ocrx_word' id='word_1_291' title='bbox 1275 4072 1463 4156; x_wconf 79' lang='lat' dir='ltr'><strong>quantocius</strong></span> 
     </span>
     <span class='ocr_line' id='line_1_36' title="bbox 342 4176 1462 4265; baseline -0.003 -20"><span class='ocrx_word' id='word_1_292' title='bbox 342 4179 544 4248; x_wconf 86' lang='lat' dir='ltr'><strong>scribendum</strong></span> <span class='ocrx_word' id='word_1_293' title='bbox 582 4179 865 4265; x_wconf 68' lang='grc' dir='ltr'><em>διηθημένον,</em></span> <span class='ocrx_word' id='word_1_294' title='bbox 907 4179 994 4256; x_wconf 78' lang='lat' dir='ltr'><strong>Quae</strong></span> <span class='ocrx_word' id='word_1_295' title='bbox 1027 4176 1156 4262; x_wconf 89' lang='lat' dir='ltr'><strong>quidem</strong></span> <span class='ocrx_word' id='word_1_296' title='bbox 1185 4177 1361 4245; x_wconf 87' lang='lat' dir='ltr'><strong>scribarum</strong></span> <span class='ocrx_word' id='word_1_297' title='bbox 1387 4177 1462 4244; x_wconf 85' lang='lat' dir='ltr'><strong>laci-</strong></span> 
     </span>
     <span class='ocr_line' id='line_1_37' title="bbox 341 4279 1464 4366; baseline -0.004 -16"><span class='ocrx_word' id='word_1_298' title='bbox 341 4303 421 4350; x_wconf 86' lang='lat' dir='ltr'><strong>nora</strong></span> <span class='ocrx_word' id='word_1_299' title='bbox 441 4281 483 4348; x_wconf 89' lang='lat' dir='ltr'><strong>ad</strong></span> <span class='ocrx_word' id='word_1_300' title='bbox 507 4280 587 4347; x_wconf 93' lang='lat' dir='ltr'><strong>illud</strong></span> <span class='ocrx_word' id='word_1_301' title='bbox 605 4280 859 4364; x_wconf 85' lang='lat' dir='ltr'><strong>interpolationis</strong></span> <span class='ocrx_word' id='word_1_302' title='bbox 880 4301 980 4366; x_wconf 86' lang='lat' dir='ltr'><strong>genus</strong></span> <span class='ocrx_word' id='word_1_303' title='bbox 999 4280 1178 4364; x_wconf 86' lang='lat' dir='ltr'><strong>pertinent,</strong></span> <span class='ocrx_word' id='word_1_304' title='bbox 1202 4300 1274 4365; x_wconf 89' lang='lat' dir='ltr'><strong>quo,</strong></span> <span class='ocrx_word' id='word_1_305' title='bbox 1294 4279 1464 4348; x_wconf 73' lang='lat' dir='ltr'><strong>accedente</strong></span> 
     </span>
    </p>
   </div>
   <div class='ocr_carea' id='block_1_4' title="bbox 343 4449 538 4466">
    <p class='ocr_par' dir='ltr' id='par_1_5' title="bbox 343 4449 538 4466">
     <span class='ocr_line' id='line_1_38' title="bbox 343 4449 538 4466; baseline -0.005 -3"><span class='ocrx_word' id='word_1_306' title='bbox 343 4449 538 4466; x_wconf 53' lang='lat' dir='ltr'><em>W</em></span> 
     </span>
    </p>
   </div>
   <div class='ocr_carea' id='block_1_5' title="bbox 346 4557 1464 4703">
    <p class='ocr_par' dir='ltr' id='par_1_6' title="bbox 346 4557 1464 4703">
     <span class='ocr_line' id='line_1_39' title="bbox 410 4557 1464 4627; baseline -0.001 -15"><span class='ocrx_word' id='word_1_307' title='bbox 410 4557 437 4626; x_wconf 70' lang='lat'><strong>⁴³)</strong></span> <span class='ocrx_word' id='word_1_308' title='bbox 461 4557 500 4612; x_wconf 86' lang='grc' dir='ltr'><strong>Τό</strong></span> <span class='ocrx_word' id='word_1_309' title='bbox 520 4558 621 4627; x_wconf 70' lang='grc' dir='ltr'><strong>ἀληθές</strong></span> <span class='ocrx_word' id='word_1_310' title='bbox 638 4561 731 4612; x_wconf 86' lang='lat' dir='ltr'><strong>retinui</strong></span> <span class='ocrx_word' id='word_1_311' title='bbox 748 4566 853 4627; x_wconf 85' lang='lat' dir='ltr'><strong>propter</strong></span> <span class='ocrx_word' id='word_1_312' title='bbox 871 4559 935 4613; x_wconf 83' lang='lat' dir='ltr'><strong>lior.</strong></span> <span class='ocrx_word' id='word_1_313' title='bbox 952 4575 978 4626; x_wconf 89' lang='lat' dir='ltr'><strong>p.</strong></span> <span class='ocrx_word' id='word_1_314' title='bbox 996 4558 1083 4613; x_wconf 70' lang='lat'><strong>229³.</strong></span> <span class='ocrx_word' id='word_1_315' title='bbox 1110 4559 1195 4612; x_wconf 69' lang='lat'><strong>9422.</strong></span> <span class='ocrx_word' id='word_1_316' title='bbox 1226 4559 1291 4612; x_wconf 82' lang='grc'><strong>1000</strong></span> <span class='ocrx_word' id='word_1_317' title='bbox 1304 4557 1330 4612; x_wconf 89' lang='grc' dir='ltr'><strong>δ.</strong></span> <span class='ocrx_word' id='word_1_318' title='bbox 1363 4557 1464 4611; x_wconf 72' lang='lat'><strong>10212.</strong></span> 
     </span>
     <span class='ocr_line' id='line_1_40' title="bbox 346 4649 807 4703; baseline -0.002 -2"><span class='ocrx_word' id='word_1_319' title='bbox 346 4649 438 4703; x_wconf 70' lang='lat'><strong>10231.</strong></span> <span class='ocrx_word' id='word_1_320' title='bbox 467 4650 530 4701; x_wconf 82' lang='lat'><strong>1031</strong></span> <span class='ocrx_word' id='word_1_321' title='bbox 540 4649 567 4699; x_wconf 91' lang='lat' dir='ltr'><strong>d.</strong></span> <span class='ocrx_word' id='word_1_322' title='bbox 592 4649 686 4700; x_wconf 76' lang='lat'><strong>10470.</strong></span> <span class='ocrx_word' id='word_1_323' title='bbox 715 4649 807 4702; x_wconf 81' lang='lat' dir='ltr'><strong>1055r.</strong></span> 
     </span>
    </p>
   </div>
   <div class='ocr_carea' id='block_1_6' title="bbox 0 0 1772 5392">
    <p class='ocr_par' dir='ltr' id='par_1_7' title="bbox 0 0 1772 5392">
     <span class='ocr_line' id='line_1_41' title="bbox 0 0 1772 5392; baseline 0 0"><span class='ocrx_word' id='word_1_324' title='bbox 0 0 1772 5392; x_wconf 95' lang='lat' dir='ltr'><strong> </strong></span> 
     </span>
    </p>
   </div>
  </div>
 </body>
</html>
