3534 5392
732 485 947 552 ..85-

266 653 365 718 nimis
389 655 587 734 extimescat,
616 655 834 740 quaerendum
864 655 907 722 sit
927 653 1065 720 fueritne
1095 652 1172 718 olim
1195 650 1348 733 seriptum
1368 651 1404 715 in

264 755 354 822 hunc
377 757 506 824 modum
528 753 643 847 ὥσπερ
665 752 737 822 τᾶν
763 757 845 844 περὶ
868 754 959 836 ξύλα.
1003 756 1160 840 Perquam
1179 751 1331 820 credibile
1353 756 1402 817 est

265 858 356 924 enim
388 859 430 924 τὰ
459 859 493 926 ἐν
516 859 627 926 eodem
656 859 725 926 iure
753 858 838 942 apud
859 857 1065 924 Plutarchum
1099 853 1404 940 conglutinationem

263 980 366 1042 passa
386 982 453 1027 esse
475 965 569 1045 atque
592 958 634 1026 τὰ
656 956 811 1044 ἔμπαλιν,
836 957 878 1026 τὰ
900 958 1032 1026 ἐναντία
1054 959 1180 1036 similia,
1204 958 1251 1024 vel
1274 957 1330 1022 καὶ
1357 954 1401 1035 ἐν,

264 1062 324 1127 καὶ
347 1059 425 1142 ἐπί,
457 1064 514 1130 καὶ
535 1063 588 1144 ἐκ,
626 1085 760 1148 quorum
790 1066 859 1130 loeo
889 1063 996 1129 editur
1025 1057 1085 1126 κάν
1107 1063 1203 1148 (Mor.
1223 1083 1253 1145 p.
1277 1059 1402 1145 1061b)

264 1163 357 1234 κᾶπί
376 1170 425 1255 (p.
452 1177 533 1238 1047
541 1173 578 1254 ο)
604 1166 666 1234 κάκ
690 1171 740 1252 (p.
764 1175 855 1238 assa
882 1190 913 1252 p.
936 1174 1047 1238 1053a
1068 1175 1102 1236 et
1122 1168 1269 1254 passim).
1312 1167 1403 1232 Licet

264 1292 306 1338 ex
338 1273 391 1339 bis
420 1274 459 1339 de
488 1275 597 1340 multis
610 1302 612 1306 ·
625 1273 697 1340 aliis
721 1274 929 1357 suspitionem
964 1294 1099 1339 movere.
1148 1273 1201 1340 Sie
1229 1273 1308 1339 mihi
1337 1293 1401 1337 non

264 1374 423 1458 diffiteor,
456 1399 537 1463 quae
573 1377 717 1444 codicum
750 1383 862 1460 sponte
892 1379 1089 1444 sescentiens
1118 1379 1198 1444 elisa
1232 1377 1395 1443 inveniun-

263 1485 321 1546 tur
355 1475 500 1548 κίίπειια
541 1487 574 1550 et
603 1478 768 1562 κάκεῖνος,
804 1483 939 1548 meliora
975 1482 1075 1548 videri
1116 1506 1154 1550 ac
1189 1483 1290 1568 magis
1325 1482 1396 1547 Plu·

264 1587 403 1654 tarohea
434 1610 529 1673 quam
549 1611 630 1672 quae
658 1589 762 1654 rarius
783 1589 883 1656 multo
912 1594 1101 1655 sucemrunt
1126 1588 1181 1654 καί
1209 1585 1326 1654 ἔπειτα
1350 1588 1400 1653 vel

264 1693 325 1761 καὶ
349 1695 484 1773 ἐκεῖνος,
509 1698 544 1762 in
566 1697 688 1780 quibus,
709 1698 890 1782 ubieunque
912 1696 1093 1764 mundiores
1113 1697 1188 1764 libri
1207 1696 1354 1773 suadent,
1377 1720 1398 1759 α

266 1804 301 1864 et
326 1823 362 1863 αι
385 1805 442 1865 aut
463 1800 541 1866 elidi
568 1823 695 1868 necesse
724 1800 766 1867 sit
787 1807 843 1867 aut
864 1824 936 1866 cum
957 1803 1104 1884 proxima
1131 1802 1233 1868 vocali
1259 1821 1397 1884 pronun-

265 1905 382 1972 tiando
402 1906 587 1973 coalescere.
632 1907 670 1972 Iu
692 1908 805 1974 ceteris
826 1927 898 1974 cum
920 1907 955 1972 in
969 1909 1095 1986 Quaest.
1103 1908 1183 1974 Plut.
1195 1907 1245 1972 III
1256 1928 1285 1989 p.
1298 1911 1339 1974 60
1347 1910 1397 1989 'sq.

263 2011 352 2077 iusto
371 2010 520 2078 audacius
540 2011 760 2099 refingendum
787 2014 937 2096 opinarer
964 2010 1002 2078 τὸ
1022 2013 1082 2096 μὲν
1103 2007 1286 2095 μεθύσκειν
1308 2035 1397 2075 κιι-

266 2120 346 2182 τοῦ
375 2116 541 2205 καρπὸν
574 2114 652 2204 οἴνῳ
681 2115 894 2205 μιγνύμενον,
926 2119 968 2185 de
997 2119 1182 2185 mutationis
1210 2117 1399 2183 necessitate

267 2245 355 2289 nunc
371 2223 548 2302 subdubito,
571 2223 727 2309 siquidem
745 2224 779 2290 id
793 2225 877 2311 quod
896 2223 1119 2292 desiderabam
1140 2221 1251 2290 eodem
1263 2221 1398 2287 artificio

144 2355 147 2364 ¹
266 2326 414 2412 intellegi
443 2331 562 2410 potest,
600 2333 695 2412 atque
721 2329 756 2394 iu
787 2351 824 2396 eo
853 2329 938 2414 quod
968 2330 1007 2398 de
1036 2328 1127 2394 olivis
1154 2328 1205 2394 vel
1230 2325 1399 2412 glandibus

267 2433 370 2518 fageis
390 2437 562 2516 usurpatur
584 2431 682 2498 e'lclo
707 2439 740 2500 et
762 2430 879 2522 φηγός.
925 2435 1020 2501 Οαίαε
1048 2436 1097 2501 rei
1117 2434 1322 2502 memorabile
1344 2455 1396 2498 ex-

269 2538 336 2599 stat
358 2533 581 2600 documentum
601 2534 686 2616 apud
701 2534 906 2601 Plutarchum
928 2536 1033 2618 ipsum
1046 2536 1125 2601 Mor.
1142 2557 1172 2617 p.
1186 2535 1257 2600 lid
1279 2531 1394 2618 ὥσπερ

267 2631 405 2702 Ἐλαίαν
424 2635 482 2702 τὸν
504 2630 574 2705 ἀπὸ
598 2638 655 2723 τῆς
675 2634 793 2715 ἐλαίας
814 2636 870 2702 καὶ
897 2638 1008 2724 (ληνὸν
1028 2636 1087 2702 τὸν
1110 2634 1181 2701 ἀπὸ
1201 2637 1260 2722 τῆς
1284 2636 1395 2721 φηγοῦ

271 2737 402 2827 καρπὸν
422 2733 699 2823 ὁμωνύμωςνοῖς
723 2739 884 2827 φέρουσιν
907 2735 1161 2827 (ὀνομάζομεν).

359 2837 478 2906 Verum
499 2839 540 2906 ab
560 2839 610 2904 his
632 2840 711 2906 abeo
732 2845 768 2905 ut
788 2862 920 2926 pergam
941 2843 976 2907 in
997 2864 1106 2908 eorum
1125 2842 1267 2907 locorum
1287 2861 1395 2907 reeen-

269 2945 373 3023 sione,
406 2947 467 3029 qui·
494 2951 625 3028 propter
652 2947 776 3014 hiatum
806 2949 927 3033 aliquid
958 2950 1028 3015 vitii
1056 2949 1192 3016 traxisse
1221 2949 1397 3016 videantur.

269 3051 410 3129 Quorum
429 3071 510 3117 unus
530 3052 609 3131 VII,
632 3059 664 3131 5,
686 3059 705 3118 2
728 3075 758 3137 p.
782 3055 877 3121 705b
910 3056 966 3120 καί
987 3052 1025 3119 τὸ
1043 3054 1129 3136 μετὰ
1153 3053 1287 3119 πολλῶν
1308 3049 1394 3118 θεοί-

275 3151 407 3220 σασθαί
429 3178 462 3220 τι
484 3154 540 3220 καὶ
568 3149 711 3222 ἀκοῦσαι
732 3155 1015 3246 ἐπιτερπέστερόν
1038 3156 1107 3222 εἀτι
1135 3161 1257 3223 mutato
1285 3157 1396 3224 verbo·

270 3283 342 3326 rum
364 3260 474 3327 ordine
497 3261 654 3327 sanandus
674 3263 814 3341 videtur,
835 3268 871 3329 ut
892 3268 1031 3345 ponatur
1052 3257 1304 3327 θεάσασθαι
1327 3264 1396 3328 καί

270 3355 456 3428 ἀκοῦσαί
477 3385 509 3426 ιι
532 3360 811 3450 ἒπιεερπέοιεοόν
826 3362 923 3444 ἔστιν,
944 3365 979 3429 in
993 3361 1109 3449 quibus
1120 3384 1161 3427 ne
1176 3362 1247 3446 quis
1268 3363 1397 3428 damnet

269 3467 392 3532 hiatum
409 3466 494 3532 iuter
517 3491 545 3530 τι
568 3472 601 3534 et
624 3464 914 3560 ἐπιτερπέστερον,
939 3474 1147 3552 praecautum
1169 3471 1217 3532 est
1237 3468 1288 3533 his
1309 3466 1393 3532 simi-

268 3572 353 3643 libus
375 3594 401 3640 e.
418 3596 446 3658 g.
462 3561 596 3655 posta
618 3571 672 3638 καὶ
693 3575 740 3659 τῷ
758 3573 862 3660 ζητεῖν
880 3598 913 3639 τι
936 3569 1078 3653 ἀκούειν,
1099 3595 1130 3656 Ρ.
1148 3578 1241 3640 ossa
1262 3572 1396 3653 βλέπων

270 3698 303 3740 ιι
326 3669 490 3760 ὀξίπεοον,
516 3697 546 3759 p.
570 3682 662 3744 6560
684 3671 772 3743 ἴδιόν
793 3703 827 3743 τι
850 3674 1114 3767 ἐπιχειρήσομεν,
1139 3696 1331 3762 quamquam
1351 3674 1396 3740 ibi

272 3778 366 3844 Vind.
382 3783 416 3845 et
429 3780 526 3848 Paris.
542 3781 625 3846 alter
640 3781 787 3867 liberius,
808 3803 905 3867 quam
917 3789 954 3848 ut
969 3783 1098 3866 probari
1111 3782 1224 3865 possit,
1245 3780 1398 3845 traiciunt

268 3882 382 3962 verba3
406 3882 578 3967 eodemque
599 3884 739 3966 pertinet
758 3883 933 3975 μειράκιον
950 3881 999 3950 ἔτι
1022 3876 1102 3950 ίίννα
1117 3885 1151 3948 in
1167 3885 1306 3950 Demetr.
1318 3886 1396 3948 o28

271 4012 294 4057 s.
318 3989 355 4066 l,
378 4011 570 4074 quamquam
588 3990 740 4056 vocabulo
762 3986 811 4055 ἔτι
833 3992 917 4057 hanc
942 3991 1105 4058 licentiam
1126 3989 1298 4056 concedere
1325 3987 1396 4072 quis

269 4098 417 4160 vereatsu'
428 4094 468 4160 ob
482 4115 553 4161 eam
566 4115 701 4174 causam,
714 4094 798 4180 quod
812 4096 892 4162 alias
904 4096 1022 4178 passim
1031 4095 1260 4177 transpositum
1272 4092 1393 4158 inveni-

271 4205 326 4264 tur
343 4193 402 4266 ἔτι.
414 4201 495 4276 παῖς
516 4190 561 4264 ν’ίν
584 4199 700 4268 similia
720 4200 771 4266 vel
790 4194 840 4266 ἔτι
854 4197 975 4288 μικρὰν
999 4190 1102 4265 οὖσαν
1117 4204 1154 4264 ut
1169 4198 1204 4262 in
1215 4198 1331 4264 Aulon.
1345 4201 1394 4264 53.

271 4305 359 4382 Quae
380 4306 488 4368 tamen
510 4324 574 4369 non
594 4305 665 4387 plus
686 4304 864 4370 mirationis
886 4303 1021 4381 babent,
1052 4324 1149 4387 quam
1169 4302 1255 4387 quod
1274 4302 1393 4383 inpune

272 4408 476 4494 coniungitur
497 4405 531 4474 ri
554 4401 626 4492 cdv,
650 4407 684 4478 ui
701 4402 764 4496 [dv]
791 4403 957 4495 ἀντιλέγοι
978 4432 1029 4485 τις
1048 4429 1080 4491 p.
1102 4414 1201 4488 ulae,
1223 4406 1279 4472 καὶ
1299 4400 1334 4470 τί
1355 4397 1394 4469 div

272 4534 325 4588 τις
345 4531 479 4593 saeprus.

359 4596 460 4694 Quam
487 4613 635 4682 salutaris
662 4611 705 4678 sit
734 4611 828 4680 huius
854 4610 904 4680 rei
930 4608 1109 4678 observatio
1136 4606 1329 4693 perspicitur
1359 4623 1398 4671 ex
