3534 5392
829 447 1042 516 ...40-

374 612 606 682 mersandam
643 611 712 678 dixi
742 606 881 700 ὥσπερ
917 609 1150 699 capriniaco
1181 612 1223 678 dr
1252 609 1383 700 οἰκίᾳ,
1413 613 1503 681 ouius

373 717 605 786 emendationis
628 737 681 782 mo
700 715 835 799 posthac
860 715 1055 798 paenituisse
1085 716 1230 801 (Quacst
1249 716 1331 784 Plnt.
1352 717 1386 782 11
1406 739 1436 800 p.
1459 718 1501 804 6)

374 823 470 890 hodie
501 824 556 888 rix
591 821 671 887 mihi
704 820 884 886 condonare
915 839 1050 904 possum
1107 820 1224 886 Varum
1251 821 1345 886 huius
1372 821 1501 905 quidam

375 928 529 994 maeroris
550 925 755 990 utilissimum
776 932 845 992 esto
862 925 1014 992 scledum
1035 927 1175 1009 mecum
1196 927 1276 992 illud
1295 925 1501 1016 ynprioao*

371 1054 447 1116 μιν
477 1027 563 1096 αἰεὶ
592 1027 737 1096 πολλὰ
765 1026 1093 1109 διδασκόμενοι,
1130 1028 1215 1112 quod
1242 1031 1297 1114 qui
1322 1051 1373 1094 me
1402 1029 1502 1113 magis

373 1131 550 1202 admiretur
568 1135 693 1218 sibique
713 1134 776 1217 ipsi
794 1133 949 1216 scriptum
970 1133 1216 1219 dictitatnmqns
1238 1134 1388 1217 opinatur
1409 1153 1502 1200 mma

373 1251 430 1312 eat.
470 1243 596 1328 Quippe
627 1240 789 1333 οᾶριομα,
817 1245 1042 1310 convenienter
1068 1243 1187 1329 regulis
1210 1243 1393 1320 immotum,
1424 1244 1501 1308 sads

373 1353 521 1415 tutentrn
541 1354 575 1414 et
592 1345 718 1414 erudita
738 1347 939 1432 grammatici
950 1345 1089 1413 Beklrori
1112 1344 1216 1430 glossa
1236 1351 1271 1411 et
1289 1346 1357 1428 ipse
1380 1346 1500 1428 opinor,

373 1454 529 1538 siquidem
564 1455 650 1519 recte
692 1451 876 1518 emendatus
914 1457 976 1530 est,
1005 1451 1184 1516 Aristotelis
1213 1451 1316 1531 locus;
1348 1473 1384 1516 ac
1421 1447 1503 1516 nihii

374 1573 505 1643 prorsus
526 1565 577 1625 est
597 1560 633 1623 in
650 1558 805 1624 vocalium
825 1577 981 1623 concursu
998 1557 1081 1636 vitii,
1102 1556 1195 1640 quod,
1215 1562 1253 1621 ut
1264 1555 1302 1622 fit
1321 1557 1406 1622 inter
1426 1558 1506 1622 duas

373 1662 486 1728 breves
507 1660 601 1726 facile
624 1659 851 1737 coalescentes,
881 1658 1118 1741 pronuntiando
1147 1665 1359 1742 conponantur
1384 1660 1499 1742 plenis·

373 1765 461 1833 sime.
512 1764 660 1830 Advertit
697 1763 759 1828 hoc
791 1761 977 1828 quardum
1016 1762 1167 1828 Rssmum
1198 1762 1501 1840 Frsnmfincsnscm,

374 1871 464 1936 cuius
485 1870 631 1954 perutilis
661 1868 702 1934 ds
723 1867 847 1952 aliquot
874 1867 990 1932 horum
1010 1867 1165 1932 librorum
1186 1866 1264 1931 locis
1287 1871 1374 1932 extat
1394 1865 1501 1949 dispu-

372 1979 452 2045 tatio
475 1978 562 2044 edita
574 1975 776 2043 Froncolurti
796 1996 844 2041 ao.
862 1979 952 2053 1863,
974 1979 1011 2039 ut
1023 1994 1082 2057 pro
1095 1995 1140 2054 so,
1163 1973 1247 2058 quod
1273 1990 1331 2058 ego
1353 1975 1387 2038 in
1401 1975 1502 2040 altore

372 2085 487 2150 harum
499 2085 720 2168 quaestionum
739 2083 898 2164 particula
916 2083 1060 2166 argutius
1080 2101 1176 2165 quam
1189 2081 1294 2145 verim
1305 2075 1504 2162 periclitatus

373 2200 461 2254 eram
486 2179 533 2263 ὥς
555 2181 870 2274 περιοσώμαοα
893 2179 1080 2272 κοιλίᾳ*)
1109 2185 1157 2271 τῇ
1179 2185 1291 2272 ψυχῇ
1312 2185 1371 2248 τοῦ
1393 2204 1503 2270 copon

371 2290 415 2358 cd
433 2291 491 2379 τῆς
510 2286 631 2377 ἡδονῆς
653 2287 862 2371 ἐκκλύσματα
892 2289 1003 2370 μένειν
1026 2287 1142 2366 ἐῶντος
1176 2289 1259 2367 acl„
1292 2289 1431 2354 scribare
1453 2289 1499 2352 in-

372 2397 519 2463 stitueret
546 2391 661 2481 ὥσπερ
682 2390 878 2481 ούρμαια
903 2392 938 2458 ἐν
961 2389 1051 2481 οἰκίᾳ
1072 2396 1113 2482 τῇ
1134 2395 1235 2484 ψυχῇ,
1257 2393 1341 2477 quod
1362 2395 1503 2477 quamvis

373 2513 433 2586 per
454 2517 488 2568 ss
510 2499 597 2567 haud
618 2501 726 2583 inepte
748 2499 825 2581 poni
846 2499 986 2581 potuisse
1010 2517 1074 2579 non
1096 2498 1291 2582 negaverim,
1314 2504 1421 2564 tamen
1443 2497 1500 2563 ali-

373 2611 492 2693 'qttanto
512 2606 637 2691 longius
656 2604 756 2669 distat
775 2622 795 2670 a
816 2603 997 2669 litterarum
1014 2601 1170 2686 vestigiis,
1193 2587 1306 2684 quibus
1326 2607 1435 2667 tamen
1451 2601 1498 2664 in-

375 2701 584 2798 grediendum
604 2714 665 2787 est,
687 2723 783 2792 qnam
805 2703 1050 2796 οαρώμαια,
1075 2712 1111 2772 ut
1132 2707 1159 2772 si
1180 2707 1293 2772 horum
1314 2708 1501 2773 alterutrum

375 2809 550 2900 optandum
569 2816 625 2892 sit,
648 2814 744 2895 plane
765 2834 829 2878 non
850 2813 970 2898 ambigi
991 2833 1083 2894 posse
1106 2811 1258 2879 videatur.

462 2911 524 2983 Sed
553 2916 702 2981 admonet
729 2931 780 2980 me
811 2914 890 2980 haec
917 2916 1146 2997 Epicureorum
1173 2916 1316 2982 luxuriae
1345 2915 1502 2980 cavillatio

373 3019 455 3084 alius
477 3015 642 3082 cuiusdam
663 3016 726 3081 loci
753 3013 1027 3099 Symposiacorum
1049 3017 1111 3096 III,
1135 3023 1167 3096 6,
1188 3025 1207 3085 4
1229 3037 1259 3099 p.
1283 3017 1382 3086 65511
1405 3015 1443 3082 cd
1465 3012 1502 3084 dr

374 3116 541 3210 praecipior
562 3119 620 3184 καὶ
641 3111 821 3208 ἷίφθαρτοι
840 3114 925 3184 ἔστω
947 3119 1008 3202 μὲν
1025 3110 1097 3186 οἷον
1114 3114 1205 3207 αὐτῷ
1220 3117 1438 3208 (Ἐπικούρῳ)
1456 3119 1502 3206 μὴ

373 3223 551 3315 φροντίζοι
580 3225 639 3312 (ita
659 3230 746 3292 recte
769 3225 956 3291 Duebnsrus
985 3245 1044 3307 pro
1065 3225 1179 3290 vitimo
1213 3224 1416 3310 φροντίζειν)
1440 3225 1503 3290 τῶν

382 3325 462 3397 καθ’
483 3325 588 3417 ἡμᾶς·
614 3323 692 3416 ἡμῖν
712 3329 749 3394 δὲ
775 3331 829 3414 τῷ
856 3325 970 3416 νόμῳ
990 3324 1160 3406 πόλεως
1192 3318 1235 3394 εὖ
1264 3323 1503 3411 ἑπομένοις

449 3547 476 3613 t³)
505 3548 644 3614 Perpetem
673 3560 716 3598 me
739 3562 799 3598 mea
822 3549 934 3598 sortasse
960 3547 1036 3614 culpa
1062 3549 1186 3602 intellexit
1213 3549 1326 3602 Rasmus
1351 3552 1367 3604 1.
1390 3552 1406 3604 l.
1432 3567 1457 3618 p.
1477 3551 1502 3614 43

377 3639 451 3702 quasi
472 3637 502 3688 lv
523 3640 582 3687 ante
600 3637 633 3707 τι]
649 3639 727 3706 ψυχῇ
745 3635 826 3700 repeti
848 3637 969 3701 potuisse
988 3637 1190 3704 contenderem,
1213 3638 1256 3689 vel
1274 3641 1459 3691 convenienter
1476 3639 1502 3691 td

377 3725 518 3790 quiequam
535 3723 591 3774 fleri
608 3739 690 3788 posse
708 3723 869 3774 contendero
887 3729 979 3788 posset
997 3723 1039 3774 vel
1053 3723 1167 3789 denique
1178 3732 1366 3778 unrrrutantn‘m
1382 3726 1502 3778 alterum-

372 3824 405 3865 ve
413 3814 471 3865 eius
482 3812 640 3864 insolentiao
647 3810 801 3877 reperiretur
811 3810 968 3876 exemplum.
986 3811 1103 3864 Locutus
1111 3828 1180 3864 cram
1193 3815 1225 3864 dc
1241 3814 1359 3866 sollemni
1368 3830 1398 3866 ac
1410 3815 1503 3866 decan-

372 3905 424 3952 tate
443 3913 513 3950 nunc
529 3914 613 3965 paene
630 3898 853 3964 praepositionum
870 3898 897 3948 in
914 3899 1079 3951 brevioribus
1097 3903 1327 3966 conparationibus
1348 3903 1501 3965 omissione,

373 3998 425 4048 qua
443 3983 476 4033 dc
498 3999 524 4033 re
543 3983 606 4048 quid
624 3981 790 4034 statuendum
808 3983 856 4047 sit,
876 3988 937 4048 post
956 3998 987 4034 sa
1008 3998 1075 4048 quas
1093 3983 1176 4038 Cobet
1189 3985 1296 4050 (linem.
1318 3985 1383 4037 1858
1405 4001 1430 4051 p.
1443 3987 1501 4037 326.

375 4070 441 4122 1859
461 4084 490 4136 p.
511 4060 579 4130 289)
607 4069 752 4120 identidem
775 4070 908 4122 adnotavit
933 4070 1029 4136 aliique
1048 4078 1106 4124 ante
1127 4087 1186 4123 eum
1208 4072 1311 4138 plurimi
1333 4073 1450 4136 (llorvill.
1469 4075 1501 4124 ad
1540 4109 1542 4116 .

373 4155 467 4210 chaus
485 4172 511 4225 p.
532 4155 584 4210 288
603 4154 652 4222 ln),
672 4153 742 4208 nulla
760 4167 868 4224 prorsus
888 4157 969 4210 hodie
986 4166 1073 4225 polest
1090 4177 1152 4212 esse
1170 4161 1304 4214 dubitatio.
1333 4161 1400 4212 lllud
1416 4169 1503 4212 tamen

374 4247 447 4299 haud
465 4247 547 4301 dubis
565 4246 711 4299 rectissime
730 4239 831 4299 monuit
841 4247 964 4314 mamus,
983 4249 1081 4302 nullam
1098 4250 1182 4302 inissa
1200 4265 1317 4314 cansam,
1336 4265 1383 4302 cnr
1400 4257 1505 4322 propter

373 4333 472 4388 hiatum
497 4333 677 4386 secluderetur
699 4336 860 4400 praepositio
884 4335 915 4390 ir
938 4342 999 4403 post
1018 4331 1177 4408 σορώματα.
1224 4334 1276 4387 Sed
1303 4352 1364 4388 cum
1389 4340 1501 4404 primurn

372 4429 428 4476 tum
446 4424 582 4489 ingressus
602 4438 690 4474 essern
716 4425 742 4475 in
762 4424 890 4479 lubricam
911 4426 944 4478 de
961 4425 1048 4477 hiatus
1067 4425 1170 4477 vicibus
1198 4427 1222 4476 in
1242 4425 1372 4478 Plutarchi
1399 4429 1502 4494 scriptis

373 4506 516 4560 moralibus
534 4508 696 4572 doctrinam,
723 4515 814 4575 utpote
836 4511 863 4561 in
887 4510 953 4563 locis
978 4510 1043 4560 aviis
1065 4509 1229 4575 occultisque
1248 4510 1363 4562 ilmidior
1380 4511 1501 4565 volebam

371 4591 455 4646 videri
473 4607 551 4659 qnam
569 4607 661 4659 pamm
679 4594 779 4647 cautus.
