3534 5392
122 471 125 536 l
731 505 775 520 -
819 467 882 540 1'08
923 468 967 521 ὲ-

120 598 122 688 l
253 633 436 714 poematia
471 633 587 704 adfinis
625 637 722 706 fuisse
755 639 881 725 generis
914 644 1014 724 atque
1048 638 1209 708 Theocriti
1236 631 1405 727 Ἡρακλῆς

118 738 119 796 l
253 734 501 828 truncarique
521 741 646 808 similia

117 860 118 940 l
351 844 508 912 Nondum
528 848 569 916 ab
590 849 642 916 leis
658 849 749 917 libris
778 849 942 918 discedere
962 848 1053 928 lieet,
1079 848 1149 928 nisi,
1172 863 1271 913 unum
1300 845 1404 914 adhuc

117 945 118 966 ¹
250 945 372 1014 locum
397 952 531 1033 pessime
552 960 736 1037 corruptum
751 977 947 1041 perpurgato
969 958 1100 1022 conatus
1124 975 1179 1019 ero
1197 975 1238 1020 ex
1251 951 1336 1019 libro
1346 951 1401 1018 IX

251 1050 309 1116 Ibi
333 1059 417 1135 post
436 1053 599 1140 ingentem
626 1058 786 1138 lacunam,
819 1059 854 1124 in
878 1058 1063 1142 quaestione
1086 1060 1125 1123 13
1145 1055 1270 1137 etipsa
1289 1053 1400 1120 decur-

250 1157 332 1220 tata
356 1151 506 1244 πότερόν
537 1156 609 1224 ἔστι
629 1155 863 1249 πιθανώτερον
885 1159 924 1226 τὸ
946 1155 1083 1249 ἀρτίους
1112 1149 1297 1234 εἶναιτοὺς
1317 1154 1401 1238 σύμ-

254 1277 404 1335 παντας
425 1251 569 1348 ἀστέρας
601 1253 622 1348 ἢ
652 1258 844 1351 ττιριττούς;
874 1284 905 1346 p.
926 1269 1014 1330 ‘ltlc
1033 1263 1097 1328 hoc
1121 1260 1175 1327 edi
1202 1260 1321 1326 solet*
1342 1261 1360 1300 *
1382 1260 1401 1300 '¹‘

255 1350 388 1443 ὅρκοις
415 1351 445 1422 δ’
467 1349 591 1448 ἄνδρας
611 1360 838 1449 ἐξαπατητέον
845 1412 854 1443 ,
883 1361 941 1428 καὶ
970 1355 990 1426 ὁ
1012 1366 1042 1426 Γ
1041 1358 1195 1440 Murice,
1224 1354 1306 1445 Ἐγώ
1328 1359 1401 1442 μὲν,

252 1452 340 1546 ἔφη,
370 1459 457 1528 κατὰ
471 1462 711 1554 Πολυκράτους
734 1458 862 1554 ἀκήκοα
884 1470 945 1534 τοῦ
961 1463 1123 1555 τυράννου
1145 1463 1322 1552 λεγόμενον
1341 1462 1400 1532 τὸν

253 1563 371 1650 λόγον
400 1570 535 1634 τοῦτον·
566 1566 655 1650 εἰκὸς
683 1570 721 1641 ‹le’
748 1571 806 1640 καὶ
834 1569 913 1638 καθ’
943 1568 1064 1660 ἑτέρων
1091 1570 1271 1657 λέγεσθαι·
1300 1572 1341 1638 οὐ
1362 1571 1400 1639 δὲ

255 1667 356 1756 πρὸς
385 1666 420 1736 τί
439 1675 538 1740 τοῦτο
564 1673 708 1764 ἐρωτᾷς,·
739 1672 816 1742 Ὅτι
837 1676 875 1762 νή
899 1673 969 1742 Δία
988 1670 1026 1759 (ὃ
1049 1677 1187 1752 Σῶσπις
1213 1669 1299 1762 ἔφη)
1321 1673 1401 1753 τούς

255 1771 324 1854 μὲν
352 1776 481 1854 παῖδας
500 1769 726 1865 ἀστραγάλοις
748 1771 825 1865 ὁρῶ,
849 1775 928 1855 τούς
949 1773 979 1844 δ’
998 1772 1263 1864 Ἀκαδημαϊκοὺς
1285 1771 1399 1861 λόγοις

256 1871 507 1965 ἀρτιάζοντας·
537 1874 716 1970 οὐδὲνγὰρ
745 1878 787 1948 οἱ
808 1885 1003 1948 τοιοῦτον
1031 1875 1244 1963 στόμαχοι
1276 1877 1399 1966 brepsi-

256 2002 369 2068 ρουοι
391 1985 456 2049 τῶν
472 1981 679 2072 ἐρωτώντων,
703 1982 847 2076 πότερον
869 1978 969 2077 ἄρτια
988 1987 1030 2074 τῇ
1042 1981 1130 2072 χειρὶ
1148 1978 1395 2070 συνειληφότες,

257 2081 279 2174 ἢ
304 2089 454 2177 περιττὰ
474 2087 707 2158 συντείνουσιν.
742 2091 852 2159 Sermo
873 2092 976 2158 estde
994 2090 1201 2174 philosophis,
1219 2089 1276 2174 qni
1295 2090 1399 2155 instar

257 2195 492 2276 sophistarum
504 2201 541 2260 ut
551 2195 636 2263 Gelli
645 2196 752 2274 verbis
766 2202 839 2262 utar
849 2196 899 2283 (N.
908 2196 944 2261 A,
955 2197 980 2275 Ι,
1002 2196 1044 2282 2),
1058 2215 1161 2279 neque
1175 2193 1277 2279 frugis
1292 2214 1397 2279 neque

258 2315 385 2378 operae
403 2296 531 2380 probae,
547 2299 630 2364 sein
648 2299 857 2366 theorematis
870 2303 996 2364 tantum
1005 2297 1175 2384 nugalibus
1184 2302 1217 2364 et
1226 2297 1397 2380 puerilium

257 2401 472 2490 isagogarum
492 2407 810 2473 commentationibus
839 2406 1058 2485 oblectabant,
1079 2406 1193 2490 utqui
1213 2405 1399 2472 insolubilia

260 2506 470 2588 problemata
495 2508 592 2576 veluti
621 2509 661 2576 de
682 2529 813 2576 numero
843 2512 1007 2577 stellarum
1027 2532 1205 2595 arenaeque
1232 2513 1396 2578 necterent

260 2611 363 2696 (Plat.
384 2613 521 2699 Euthyd.
543 2635 573 2698 p.
597 2616 711 2702 amb),
733 2616 783 2682 vel
810 2616 887 2683 inde
907 2638 928 2682 a
947 2617 1085 2700 pueritia
1105 2615 1277 2683 fulmentas
1295 2619 1395 2684 socen

260 2715 460 2799 suppingere
476 2716 603 2782 scivisse
619 2721 714 2800 atque
735 2716 850 2783 fratres
865 2716 1041 2782 catulorum
1055 2720 1089 2782 et
1100 2715 1312 2798 percellemur
1325 2731 1395 2782 esse

259 2819 509 2900 contenderent,
536 2825 634 2906 colpus
654 2824 825 2888 nebulinum
845 2827 1011 2901 Ιιονυὺιιιυν,
1033 2827 1087 2906 ουτ·
1105 2843 1137 2887 ιι
1157 2823 1266 2887 &ciem
1284 2842 1394 2888 amre

256 2935 378 3012 par-ent,
398 2935 517 3014 nmque
537 2933 686 2995 mmmm
706 2935 736 2994 ct
755 2935 943 3011 creaturum
956 2931 1092 3014 salique
1110 2928 1145 2994 ob
1163 2931 1258 2994 enar
1277 2931 1394 2995 audien·
1489 2913 1493 2922 ’

263 3039 347 3100 tium
376 3039 453 3100 iaetu
488 3039 687 3100 υουοέιζιιυοοο
721 3036 895 3118 de'actplelsac
924 3054 1024 3100 men
1060 3038 1278 3098 meacm
1331 3033 1394 3102 Sed

263 3135 418 3202 mirificas
438 3137 534 3219 plane
557 3137 697 3204 rationes
718 3135 909 3203 invenerunt
932 3136 1137 3218 interpretes,
1166 3140 1207 3199 ut
1226 3132 1259 3200 οὶ
1280 3137 1393 3202 τοιοῦ-

267 3265 327 3307 τοι
355 3239 518 3323 στόμαχοι
547 3240 624 3332 quid
640 3237 643 3242 ’
658 3245 763 3307 essent
797 3241 1000 3323 explicarent.
1063 3240 1204 3319 Quorum
1230 3242 1287 3324 qui
1315 3237 1394 3308 erb-

265 3367 373 3427 μαχοι
393 3344 581 3428 simpliciter
599 3344 893 3427 interpretabantur
912 3349 1054 3410 stomachi
1059 3344 1107 3431 ²³),
1136 3344 1243 3410 nescio
1267 3366 1310 3410 an
1332 3345 1394 3411 hoc

265 3449 404 3516 fecerint
421 3445 558 3516 obscura
576 3446 714 3533 quadam
734 3449 950 3532 provincialis,
978 3449 1007 3513 si
1027 3449 1110 3515 bene
1128 3450 1273 3529 memini,
1294 3451 1391 3517 mule·

263 3557 359 3636 meti,
387 3557 422 3622 in
452 3557 570 3640 plebeii
598 3557 696 3622 etiam
723 3555 875 3622 sermonis
907 3556 1103 3622 commerciis
1133 3555 1295 3641 gliscentis
1324 3577 1389 3623 me-

264 3665 382 3743 moria,
415 3664 466 3730 cni
495 3683 560 3748 quo
586 3664 721 3728 maiores
750 3663 947 3729 adderentur
976 3663 1116 3728 convicio
1144 3663 1262 3742 aculei,
1292 3663 1414 3755 inlotos

265 3769 457 3836 nostratium
477 3789 565 3835 more
583 3768 747 3852 aliquante
762 3767 992 3854 significantius
1011 3768 1201 3854 subiungere
1222 3774 1395 3851 potuerant

267 3873 459 3941 adiectirum
479 3873 649 3938 formatum
670 3895 691 3939 a
709 3895 798 3958 porco
818 3895 908 3953 voce,
928 3879 966 3938 ut
985 3873 1166 3968 philesophi
1187 3874 1243 3938 isti
1266 3873 1391 3960 conpel-

268 3976 328 4042 lati
359 3973 494 4040 fuissent
521 3977 678 4039 umtriculi
706 3977 827 4059 porcine⁸
852 3976 872 4040 i.
905 3993 934 4042 e.
962 3975 1144 4060 &emanent
1192 3976 1232 4040 ln
1259 3999 1337 4062 quo,
1366 3978 1394 4046 si

267 4079 404 4162 scriptor
423 4097 535 4145 revera
554 4091 630 4144 usus
651 4083 735 4144 esset
761 4075 916 4146 eiusmodi
936 4080 1128 4163 periphrasi,
1153 4101 1250 4164 quam
1272 4083 1395 4152 scilicet
1499 4101 1502 4106 ·

266 4203 330 4248 non
352 4182 525 4248 verendum
544 4186 605 4261 est,
628 4203 668 4250 ne
689 4183 855 4270 quisquam
872 4185 956 4252 iusto
977 4185 1140 4253 liberalius
1160 4186 1394 4257 condonaturus

254 4469 257 4473 -
334 4431 362 4498 ¹¹⁵)
379 4433 556 4486 Knltwerserr
574 4432 650 4486 Danu
669 4434 753 4486 releba
767 4434 866 4501 Meyer
884 4437 944 4488 elad
960 4437 986 4488 in
1006 4449 1052 4502 gar
1067 4436 1153 4495 ulchts
1166 4453 1219 4492 ven
1232 4440 1393 4506 denlenlgeu

265 4517 484 4584 uutsmchieder,
505 4519 549 4570 die
568 4520 665 4571 andus
682 4520 789 4587 langen,
811 4517 846 4574 eb
866 4521 931 4586 uss,
948 4532 1007 4574 ms
1028 4524 1069 4574 ele
1085 4524 1113 4575 la
1131 4524 1180 4576 der
1195 4523 1270 4577 Haud
1295 4524 1392 4592 baben,

264 4603 361 4670 ‘erade
380 4604 445 4657 oder
461 4603 596 4670 ungendo
614 4605 655 4658 ist.
