3534 5392
821 443 1032 510 ..04-

361 639 436 696 τας
457 611 514 681 τὸν
531 611 609 702 περὶ
631 607 756 678 τούτων
771 605 880 696 λόγον,
904 608 1039 680 focace
1053 605 1269 675 adsentientes
1281 600 1415 679 habebo,
1433 598 1490 683 qui

360 718 589 806 perpenderint
618 715 698 782 haec
719 714 836 782 similia
863 714 949 798 apud
969 715 1134 784 Platonem
1156 711 1315 780 Charmid.
1338 729 1369 794 p.
1394 710 1453 774 166
1471 725 1490 770 c

362 817 424 890 κδν
440 818 582 906 ἐμαυτὸν
596 816 794 907 διερευνῴην
809 813 843 882 τί
858 816 955 903 λέγω,
971 815 1069 899 Soph.
1081 835 1114 899 p.
1128 819 1218 886 ibbo
1236 811 1337 900 λόχον
1355 811 1490 897 πρῶτον

363 925 588 1018 διερευνητέον
606 919 625 990 δ’
641 921 675 989 τί
690 919 765 988 ποτ’
782 918 872 989 ἐστίν
887 927 923 988 et
935 924 1116 1008 sequiorum
1133 919 1320 1003 Procopium
1340 916 1371 986 b.
1388 933 1417 1000 g.
1432 913 1493 1005 ΠΙν

315 1113 317 1118 Ι
363 1041 431 1117 4p.
447 1035 518 1109 294,
534 1035 573 1096 17
598 1019 637 1094 οὐ
660 1021 914 1115 διερευνώμενοι
934 1031 993 1114 τῆς
1015 1025 1107 1112 νίκης
1128 1022 1335 1113 τδντρόπον,
1355 1019 1411 1099 Ν,
1425 1023 1446 1086 6
1459 1039 1493 1102 p,

363 1142 440 1216 485,
463 1143 501 1203 17
524 1131 624 1220 λόγον
646 1130 703 1198 τδν
725 1129 866 1220 φυσικὸν
886 1129 922 1210 ἐς
942 1131 981 1198 τὸ
1003 1126 1138 1221 ἀκριβές
1159 1129 1397 1220 διερευνᾶσθαι
1410 1125 1493 1210 βου-

362 1239 511 1326 λδμενος,
528 1233 583 1318 Ν,
598 1239 617 1303 8
635 1255 665 1319 p.
683 1239 754 1315 490,
775 1239 794 1303 6
812 1233 1070 1324 διερευνώμενος
1089 1229 1242 1323 ἀμήχανα
1264 1229 1355 1321 ἔργα,
1378 1230 1494 1320 quibus

363 1344 533 1412 concinunt
554 1340 583 1407 S.
607 1339 763 1426 chrysost
787 1339 870 1409 hom.
892 1338 943 1409 III
971 1339 1013 1406 ad
1040 1358 1114 1423 pop.
1131 1337 1278 1404 Antioch.
1296 1357 1328 1420 p.
1347 1341 1427 1414 371,
1453 1338 1491 1399 14

366 1446 478 1516 πάντα
506 1447 747 1536 διερευνᾶσθαι
766 1443 828 1510 4ναί
857 1448 996 1511 σκοπεῖν
1018 1437 1199 1531 ἀναγκαῖον
1224 1439 1294 1527 μετ’
1318 1434 1493 1528 ἀκριβείας

366 1549 517 1640 ἁπάσης,
546 1551 640 1618 Anna
660 1549 766 1617 Comn.
788 1569 818 1633 p.
840 1554 916 1628 260,
941 1556 981 1617 10
1004 1547 1112 1627 δεινδς
1133 1542 1415 1638 διερευνήσασθαι
1436 1539 1494 1630 τὴν

366 1651 558 1741 δεινοτάτην
580 1648 846 1743 περιπατητικήν
864 1653 946 1722 οοιιλ.
968 1673 998 1735 p.
1020 1657 1097 1732 263,
1120 1657 1171 1719 21.

305 1747 307 1752 ¹
452 1759 492 1826 In
511 1757 629 1842 lepida
640 1758 855 1840 Hispanorum
875 1757 1060 1824 divitiarum
1080 1759 1358 1827 subterraneamm
1376 1751 1492 1819 deseri-

365 1867 489 1951 ptione,
520 1864 563 1930 ad
591 1886 688 1948 quam
716 1863 855 1930 affirmat
883 1863 1088 1929 Posidonium
1115 1863 1275 1928 Rhodium
1300 1859 1492 1936 adhibuisse,

302 2021 304 2026 .
366 1972 448 2038 haec
469 1969 568 2037 habes
589 1968 640 2034 ΙΙΙ
665 1975 723 2036 147
746 1995 790 2026 =
812 1973 938 2047 226,-2
970 1966 1200 2044 Ποσειδώνιος
1232 1967 1268 2032 δὲ
1296 1964 1335 2031 τὸ
1359 1965 1495 2048 πλῆθος

366 2078 432 2141 τιδν
454 2070 631 2158 μετάλλων
659 2069 805 2136 ἐπαινῶν
833 2070 891 2137 καί
919 2070 978 2158 τήν
1008 2063 1128 2159 ἀρετὴν
1158 2063 1217 2136 οδκ
1246 2063 1408 2150 ἀπέχεται
1435 2067 1496 2152 τῆς

368 2170 535 2260 συνήθους
548 2165 733 2259 ῥητορείας,
756 2165 843 2235 ἀλλὰ
856 2173 1078 2259 συνενθουσιᾷ
1097 2175 1171 2248 ταῖς
1186 2164 1400 2258 ὑπερβολαῖς,
1422 2166 1491 2252 (ηαὶ-

366 2278 426 2346 bus
453 2273 668 2358 deindepost
697 2273 908 2358 epiphonema
937 2269 977 2341 οὐ
1006 2273 1068 2364 γὰρ
1098 2271 1245 2362 πλουσία
1276 2271 1379 2358 μόνον
1408 2267 1495 2338 ἀλλὰ

369 2377 426 2444 καί
454 2371 670 2460 δπδπλυυτσς
697 2366 737 2461 ἦν
757 2371 899 2462 (φησίν)
922 2370 943 2463 ἦ
971 2373 1065 2465 χαίρα
1094 2375 1150 2442 καί
1179 2371 1259 2465 παρ’
1281 2375 1421 2453 ε’κείνοις
1447 2369 1494 2454 ιδς

228 2517 240 2542 κ
370 2478 507 2572 ἀληθῶς
520 2481 586 2547 «τὸν
598 2475 806 2563 ὑποχθόνιον
820 2478 928 2547 τόπον
944 2475 1002 2564 οὐχ
1024 2476 1043 2546 ὁ
1066 2477 1185 2569 Ἅιδης
1205 2476 1278 2546 ἀλλ’
1294 2476 1313 2546 ὁ
1332 2478 1495 2547 Πλαύτιον

369 2588 519 2654 κατοικεῖ
534 2585 614 2653 haec
635 2584 995 2654 subiciuntur-coccae
1015 2584 1076 2668 μὲν
1092 2577 1151 2652 οὗν
1165 2584 1201 2651 ἓν
1214 2579 1330 2674 ὡραίην
1353 2583 1496 2673 σχήματι

371 2687 483 2781 εἴρηκε
512 2684 756 2780 περὶτούτων,
785 2683 838 2766 ὡς
870 2681 918 2756 δν
947 2687 991 2756 ἐκ
1011 2681 1230 2775 ηἰετάλλου
1263 2688 1344 2754 καί,
1364 2686 1495 2767 αὐτὸς

319 2827 322 2838 .
371 2789 515 2876 πολλῷ
535 2785 753 2876 χριόμενος
780 2790 836 2874 τῷ
861 2787 980 2875 λόχῳ.
1032 2789 1120 2856 Haec
1138 2795 1300 2872 postrema
1320 2811 1384 2856 non
1404 2811 1495 2873 posse

370 2893 472 2983 accipi
491 2892 532 2960 de
540 2905 549 2976 s
558 2891 686 2974 prolixo
716 2912 872 2970 sermone,
905 2914 968 2976 quo
994 2893 1180 2959 Posidonius
1206 2895 1241 2959 in
1269 2893 1496 2960 adnmbrandis

370 2989 588 3080 Hispanorum
605 2995 724 3062 fodinis
747 3015 821 3060 usus
851 2994 962 3076 inerit,
989 2996 1082 3063 facile
1110 2997 1309 3064 adsentimus
1329 2999 1496 3078 Meinekio‚

370 3103 406 3168 in
427 3121 464 3168 eo
486 3100 582 3168 etiam
608 3098 771 3166 verissime
798 3097 989 3182 disputanti,
1019 3099 1103 3166 siin
1123 3100 1207 3166 hanc
1228 3101 1420 3168 sententiam
1440 3123 1493 3166 ex·
1520 3135 1522 3138 ·

371 3208 530 3293 plicantur
543 3205 654 3285 uerba,
676 3225 826 3288 europus
846 3204 944 3271 suerit
962 3204 1039 3270 addi
1056 3204 1137 3271 haec
1158 3199 1205 3283 τίς
1223 3200 1263 3276 δν
1278 3203 1316 3270 ἐκ
1331 3201 1497 3289 μετάλλου

373 3309 430 3377 καὶ
445 3305 544 3388 αὐτὸς
560 3307 676 3394 πολλῷ
695 3303 865 3396 χρώμενος
886 3305 1049 3396 τῷλόγῳ,
1070 3329 1200 3391 prorsus
1220 3308 1256 3374 in
1276 3309 1408 3376 obscuro
1422 3330 1497 3375 esse.

375 3415 465 3482 Nihil
487 3414 578 3492 enim'
592 3412 752 3480 mehercle
772 3418 906 3494 possunt
926 3413 1105 3498 significare
1126 3415 1228 3494 abuti,
1255 3436 1353 3498 quam
1371 3414 1497 3481 Posido-

374 3519 463 3584 nium
479 3517 611 3583 nimiam
631 3537 720 3581 suam
736 3515 963 3599 loquacitatem
986 3519 1156 3602 sumpsisse
1172 3541 1192 3584 a
1206 3519 1408 3599 metalleutis,
1425 3525 1496 3584 tan·

373 3622 531 3709 quamab
553 3621 717 3688 hominum
737 3641 854 3705 genere
875 3620 1022 3703 inprimis
1043 3623 1187 3707 garrulo,
1208 3622 1294 3706 quod
1315 3643 1412 3706 quam
1426 3623 1497 3688 ine·
1540 3677 1544 3683 .
1663 3622 1664 3625 ’

373 3731 465 3809 ptum
486 3725 529 3790 sit
548 3745 605 3790 suo
623 3722 837 3808 unusquisque
860 3745 956 3790 sensu
974 3719 1157 3792 arbitretur.
1200 3725 1311 3812 Neque
1326 3748 1386 3812 ego
1400 3727 1501 3812 magis

374 3854 470 3919 quam
491 3831 668 3899 Meinekius
685 3831 735 3895 uir
755 3830 960 3912 uenerabilis,
982 3853 1054 3898 cum
1073 3832 1158 3897 dulci
1178 3832 1309 3898 iuventa
1327 3833 1495 3917 aliquanti·

249 3951 254 3962 '
375 3954 449 4022 sper
470 3937 518 4004 rei
539 3936 718 4004 metaliicae
738 3956 868 4019 operam
890 3937 1017 4016 navam,
1039 3937 1240 4004 metalleutas
1261 3942 1410 4018 expertus
1432 3959 1502 4004 sum

375 4037 519 4105 homines
546 4036 627 4104 adeo
654 4036 816 4122 loquaces,
846 4041 883 4103 ut
910 4038 961 4105 vel
987 4039 1066 4105 alios
1090 4040 1279 4124 quibuscum
1299 4047 1503 4108 versarentur

374 4140 543 4208 verborum
571 4143 724 4223 tanquam
752 4139 881 4207 flumine
911 4141 1163 4235 inundaverint3·
1185 4143 1282 4208 immo
1310 4162 1369 4225 per
1399 4149 1501 4209 totum

375 4243 455 4311 iliud
484 4242 745 4308 iucundissimum
775 4247 902 4327 tempus
934 4246 986 4327 (ex
1018 4266 1081 4330 quo
1112 4251 1240 4329 praeter
1271 4247 1501 4313 sanctissimam

375 4352 618 4435 praeceptorum
649 4348 883 4433 amicorumque
901 4351 1098 4416 'memoriam
1125 4370 1185 4433 per
1204 4355 1253 4416 tot
1274 4373 1380 4418 rerum
1400 4353 1500 4419 varie·

376 4457 458 4520 tates
477 4449 560 4518 nihil
580 4449 647 4518 fere
667 4451 748 4517 mihi
767 4452 922 4518 relicuum
943 4458 991 4519 est
1011 4450 1107 4520 hodie
1128 4474 1226 4537 quam
1246 4453 1400 4521 famosum
1416 4453 1503 4530 istud

377 4555 632 4638 succinctorium,
663 4576 726 4642 quo
755 4556 898 4626 noscitur
926 4556 1028 4624 fossor
1042 4550 1112 4641 ¹qui
1140 4577 1206 4624 uon
1236 4557 1436 4644 cognoscitu
1464 4577 1505 4624 ex
