3534 5392
821 451 1034 514 ..24-

449 619 654 686 Coniectmae
676 639 773 703 quam
792 621 859 701 pc
878 615 918 684 de
938 616 1042 701 Symp.
1064 617 1143 696 vll,
1165 623 1198 695 5,
1221 623 1285 701 2ο.
1302 623 1392 684 705a
1413 633 1484 698 pro-

362 721 454 804 posui
467 716 607 810 ὥσπερ
629 715 934 808 ολΚυρηναϊκοό
947 739 1006 800 pro
1020 719 1129 801 inepto
1144 714 1259 806 ὥσπερ
1274 715 1309 782 αἱ
1325 721 1486 803 γυναῖκες,

362 827 482 892 iniuria
502 827 615 908 opinor
637 825 836 907 vituperatae
856 846 876 890 a
895 845 1024 890 censore
1046 845 1116 890 meo
1138 824 1172 888 in
1189 823 1309 889 Zamki
1331 823 1485 905 Epheme·

362 927 485 993 ridibue
510 929 590 993 1862
612 947 642 1008 p.
665 929 740 1004 829,
770 925 1000 1009 pondusculum
1032 923 1131 990 adicit
1155 927 1223 1007 ipse
1245 925 1433 990 Plutarchus
1453 925 1488 988 in

363 1038 442 1116 cept.
466 1053 531 1114 sap.
551 1052 637 1096 conv.
657 1052 688 1115 p.
706 1030 790 1098 15ss
806 1024 1017 1118 ἀφροδισίων
1038 1030 1074 1096 δὲ
1097 1030 1196 1096 νύκτα
1217 1029 1274 1096 καὶ
1294 1027 1381 1095 πολύ
1403 1051 1489 1118 προ-

365 1133 548 1220 βάλλονται
570 1131 698 1214 σκότος.
729 1135 780 1200 nd
801 1141 867 1218 p.6
891 1133 971 1200 adde
993 1134 1088 1220 Verg.
1112 1135 1223 1200 Moret
1248 1142 1304 1202 74:
1328 1135 1488 1219 Grataque

364 1242 518 1308 nobilium
539 1242 664 1326 requies
692 1241 818 1307 lactuca
845 1241 1004 1321 ciborum3
1035 1241 1127 1324 adp.
1151 1248 1170 1307 7
1193 1240 1233 1306 de
1254 1235 1381 1322 λάχανα
1402 1233 1486 1322 ἀρά,

299 1406 301 1410 .
364 1369 445 1432 quae
461 1347 614 1413 Clementi
628 1348 663 1412 in
669 1346 762 1413 Paed.
772 1346 805 1411 ΙΙ
813 1368 843 1429 p.
858 1353 926 1424 173,
940 1352 979 1414 35
989 1347 1023 1412 Ρ.
1036 1367 1095 1430 pro
1109 1341 1259 1426 λαχάνων
1268 1341 1340 1411 ἔνια
1357 1347 1489 1425 restitui,

365 1457 572 1524 conferendus
584 1463 634 1522 est
647 1457 761 1522 Athen.
769 1455 824 1521 lv.
831 1477 862 1538 p.
873 1456 964 1522 teob
980 1453 1078 1538 μᾶζα,
1096 1447 1206 1540 ἀρτος,
1224 1454 1332 1542 κρέας,
1351 1451 1490 1538 λάχανον

365 1554 473 1641 ἀμόν,
502 1581 534 1642 p.
556 1561 575 1625 8
597 1557 679 1624 adde
699 1557 849 1624 Tbemiet.
872 1578 902 1640 p.
921 1563 981 1623 261
1001 1578 1018 1622 c
1043 1559 1110 1635 πάς
1129 1549 1147 1621 ό
1169 1554 1226 1622 ἐπὶ
1249 1559 1306 1644 γῆς
1326 1555 1382 1622 καλ
1404 1552 1488 1646 ὑπὲρ

365 1665 422 1749 γῆν
434 1661 556 1748 χρυσός
577 1655 695 1750 ἀρετῆς
715 1655 775 1726 οὐκ
792 1654 963 1739 ἀντάξιος,
988 1660 1043 1727 ubi
1065 1661 1145 1726 mihi
1166 1683 1230 1728 non
1252 1661 1398 1728 convenit
1419 1681 1488 1726 cum

366 1765 484 1830 Cobeto
501 1766 664 1846 (Mnemos.
678 1767 760 1832 1862
774 1785 804 1847 p.
821 1767 896 1849 241)
914 1764 1111 1831 coniectante
1126 1759 1193 1830 ύπδ
1209 1769 1284 1851 γῆς,·
1304 1787 1334 1848 p.
1352 1773 1390 1832 10
1406 1787 1487 1831 com-

364 1889 540 1934 memorare
553 1868 716 1946 debebam,
727 1867 860 1950 phrasin
870 1863 1127 1955 φιλανθρώπως
1136 1869 1286 1955 χρῆοβαί
1294 1893 1358 1934 τινι
1367 1875 1403 1934 ut
1412 1869 1490 1948 aliis,

364 1976 463 2042 veluti
478 1976 631 2055 Diodoro,
653 1977 688 2040 in
710 1975 833 2042 deliciis
855 1975 952 2042 ctiam
978 1995 1044 2040 esse
1067 1974 1237 2039 Plutarcho
1256 1974 1310 2039 cfr.
1337 1975 1424 2041 Alex.
1442 1983 1490 2042 44.

364 2079 470 2163 Pomp.
488 2087 515 2148 9,
539 2080 639 2146 Crass.
659 2085 699 2147 30
722 2085 756 2146 et
773 2080 969 2145 contrarium
992 2073 1236 2166 ἀπανθρώπως
1258 2077 1408 2168 χρῆσθαί
1429 2103 1492 2144 τινι

364 2185 471 2266 Pomp.
497 2192 543 2251 10.
587 2183 678 2262 Quod
699 2184 832 2249 nonita
852 2205 873 2248 a
890 2177 951 2248 me
965 2181 1085 2248 dictum
1106 2183 1251 2268 intellegi
1271 2175 1381 2262 veliin,
1403 2185 1492 2270 quaai

365 2309 449 2352 nunc
470 2309 512 2353 an
533 2309 598 2352 non
612 2292 698 2353 recte
712 2291 800 2352 mota
813 2286 911 2352 fuemt
931 2286 1064 2369 suspitio
1080 2286 1120 2352 de
1136 2287 1205 2352 loco
1223 2286 1328 2371 Symp.
1339 2287 1394 2366 VI,
1418 2292 1450 2366 8,
1469 2293 1489 2354 2

365 2415 396 2476 p.
420 2400 511 2461 6940
540 2377 734 2472 dubitarem,
764 2393 861 2458 immo
882 2394 1029 2477 quotiens
1057 2394 1155 2460 verba
1182 2395 1301 2480 relego,
1332 2397 1491 2480 graviores

365 2498 489 2564 indies
512 2499 551 2564 de
573 2499 734 2584 genuitate
756 2503 958 2564 succrescunt
978 2498 1126 2581 scrupuli.

450 2606 539 2684 Quod
562 2628 592 2689 p.
620 2614 659 2673 14
679 2606 714 2671 in
740 2605 810 2672 -looo
832 2605 937 2691 Symp.
960 2605 1005 2684 ΙΙ,
1028 2611 1062 2685 6,
1083 2612 1102 2672 2
1122 2627 1152 2688 p.
1175 2607 1273 2672 64οδ
1296 2627 1354 2690 pro
1376 2605 1490 2695 ὥσπερ

293 2703 302 2708 ’
367 2700 546 2769 οἷ’κοόιν
570 2702 690 2793 ἰχῶρας
712 2705 832 2770 conieci
854 2700 970 2792 ὥσπερ
1002 2701 1244 2782 πισσώδεις
1266 2700 1385 2792 ἰχῶρας
1409 2727 1492 2771 nuuc

365 2806 433 2885 ipse
467 2805 611 2886 inprobo.
663 2805 789 2870 Vellem
817 2805 971 2887 scriptum
997 2810 1080 2870 esset
1108 2801 1252 2894 ώσπερ
1285 2801 1492 2884 ἓλκώδεις

367 2905 487 2996 ἰχῶρας
504 2906 648 2993 συνάγει,
670 2909 835 2992 inquibus
858 2903 1015 2985 όλκώδεις
1038 2915 1088 2974 sat
1109 2909 1251 2991 profecto
1267 2912 1406 2994 proclive
1424 2918 1492 2978 erat

366 3013 527 3095 corrumpi
545 3012 581 3075 in
597 3006 746 3092 οἴκοθεν,
769 3011 960 3095 praesertim
973 3013 1008 3076 in
1028 3012 1097 3078 loco
1118 3013 1239 3078 mutilo.
1285 3013 1370 3080 Oonf.
1386 3014 1489 3100 Symp.

367 3115 430 3191 ΙΙΙ,
455 3122 481 3192 1,
501 3120 521 3179 2
544 3111 682 3180 deducio
703 3115 764 3198 μὲν
789 3113 924 3203 ιγόλλων
947 3108 1202 3198 ἀποσπωμένων
1225 3107 1296 3182 οἷον
1322 3112 1418 3205 ἀλγεῖ
1437 3118 1492 3184 καὶ

368 3216 524 3284 δάκνεται
545 3217 586 3283 coi
606 3217 704 3307 φυτὰ,
728 3219 785 3285 καὶ
807 3215 934 3306 γίνεται
950 3219 1028 3306 περὶ
1050 3211 1135 3284 αύτά
1157 3218 1266 3307 βλάβη
1288 3245 1339 3300 τις
1362 3219 1490 3288 όλκιό-

368 3325 441 3410 δης
462 3323 555 3389 etde
578 3324 721 3408 garrulit.
744 3344 774 3406 p.
798 3329 892 3390 olon
913 3315 960 3399 ιύς
982 3319 1044 3410 γάρ
1068 3320 1102 3386 όν
1123 3322 1171 3408 τῷ
1192 3320 1323 3404 σώματι
1345 3321 1431 3410 πρός
1451 3322 1492 3388 τὰ

367 3424 569 3495 πεπονθότα
590 3427 675 3515 μέρη
699 3426 755 3492 καὶ
779 3423 943 3511 ἀλγοῦντα
966 3424 1091 3511 γίνεται
1114 3425 1205 3514 φορὰ
1229 3426 1285 3492 καὶ
1308 3421 1409 3514 ὁλκὴ
1428 3431 1491 3494 τῶν

366 3530 520 3618 πλησίον.
557 3532 630 3615 Pag.
645 3537 682 3596 21
701 3530 782 3596 addo
799 3530 905 3615 Symp.
920 3529 984 3608 ΙΙΙ,
1004 3538 1036 3607 4,
1054 3531 1099 3611 3(
1100 3532 1263 3614 γυναῖκες)
1277 3526 1374 3616 ὕλην
1389 3530 1490 3615 μόνον

366 3636 423 3701 καὶ
443 3633 608 3722 τροφὴν
637 3635 822 3724 παρέχουσι
850 3635 899 3720 τῷ
926 3629 996 3700 ἀπὸ
1026 3636 1085 3699 τού
1115 3625 1268 3722 ἀρρενος,
1300 3634 1384 3702 unde
1415 3637 1490 3720 quin

364 3747 450 3808 recte
477 3741 517 3806 de
537 3742 606 3806 loco
628 3741 708 3825 plac.
732 3741 845 3822 philos,
867 3740 906 3818 V,
928 3747 946 3807 7
968 3740 1197 3823 interpretatus
1216 3741 1290 3820 sim,
1314 3762 1378 3806 non
1399 3741 1490 3808 dubi-

368 3845 501 3910 tandum
518 3851 574 3909 est.
604 3845 655 3910 Ad
670 3867 709 3912 ea
728 3867 811 3930 quae
827 3866 858 3928 p.
872 3849 914 3912 28
930 3845 997 3910 dixi
1019 3845 1058 3911 de
1080 3846 1177 3912 verbo
1201 3839 1492 3912 ἀποσαλεύειν

254 3963 267 4030 ἢ
365 3949 455 4014 adice
476 3950 583 4031 Pomp.
602 3955 643 4015 77
666 3942 719 4014 ἐπ’
741 3945 888 4038 ἀγκυρῶν
912 3946 1028 4038 πρόσω
1051 3950 1109 4036 τῆς
1128 3941 1239 4035 χώρας
1261 3942 1491 4016 ἀποσαλεύων.
1595 3943 1600 3951 ’

364 4052 437 4137 Pag.
460 4057 500 4119 29
523 4051 565 4117 ad
593 4051 691 4118 verba
719 4047 843 4137 δρόσου
866 4049 923 4116 καλ
950 4048 1092 4138 βοτάνης
1123 4043 1299 4116 ἀνάπλεων
1325 4054 1490 4141 καθαρός,

365 4177 447 4238 quae
466 4155 532 4219 dixi
554 4155 698 4238 poeticae
719 4154 869 4221 dictionis
891 4177 969 4221 aura
990 4158 1150 4232 contacta,
1179 4174 1263 4220 nunc
1285 4153 1492 4221 conserendus
1562 4153 1566 4159 ’

364 4255 445 4320 ΡΙο1.
466 4256 501 4319 in
522 4256 632 4340 Gryllo
658 4277 687 4339 p.
712 4261 811 4324 99οσ
848 4252 972 4344 δρόσου
994 4279 1031 4320 τε
1059 4256 1216 4344 καθαρᾶς
1245 4255 1301 4322 καὶ
1322 4251 1492 4340 λειμώνιον
1568 4271 1572 4279 ’

366 4352 519 4423 όδωδότα
540 4358 597 4424 καλ
616 4356 718 4447 χλόης
736 4366 770 4426 et
791 4361 853 4426 Dio
877 4359 1035 4446 Ohiys'ost.
1054 4359 1118 4424 XII
1139 4380 1169 4442 p.
1191 4363 1253 4427 386
1264 4361 1302 4430 R.
1353 4363 1427 4448 Pag.
1451 4369 1486 4432 31
1567 4428 1571 4434 .

364 4460 446 4526 adde
466 4463 600 4528 similem
620 4485 864 4549 synonymorum
889 4463 1134 4530 cumulationem
1151 4464 1186 4528 in
1209 4463 1322 4531 Coriol.
1346 4471 1365 4534 9
1394 4491 1492 4556 περι-

365 4562 530 4643 επτύξατο
555 4564 610 4631 καλ
625 4564 866 4653 κατησπάσατο
891 4557 1296 4654 manumittendum
1319 4567 1376 4634 καλ
1397 4592 1495 4634 κατι-
