<?xml version="1.0" encoding="UTF-8"?>
<!DOCTYPE html PUBLIC "-//W3C//DTD XHTML 1.0 Transitional//EN"
    "http://www.w3.org/TR/xhtml1/DTD/xhtml1-transitional.dtd">
<html xmlns="http://www.w3.org/1999/xhtml" xml:lang="en" lang="en">
 <head>
  <title>
</title>
<meta http-equiv="Content-Type" content="text/html;charset=utf-8" />
  <meta name='ocr-system' content='tesseract 3.04.00' />
  <meta name='ocr-capabilities' content='ocr_page ocr_carea ocr_par ocr_line ocrx_word'/>
</head>
<body>
  <div class='ocr_page' id='page_1' title='image "./vindiciarumplut01doehgoog_0017.png"; bbox 0 0 3534 5392; ppageno 0'>
   <div class='ocr_carea' id='block_1_1' title="bbox 742 435 1066 514">
    <p class='ocr_par' dir='ltr' id='par_1_1' title="bbox 742 435 1066 514">
     <span class='ocr_line' id='line_1_1' title="bbox 742 435 1066 514; baseline 0 -18"><span class='ocrx_word' id='word_1_1' title='bbox 742 450 931 514; x_wconf 78' lang='lat'>..9..</span> <span class='ocrx_word' id='word_1_2' title='bbox 1063 435 1066 440; x_wconf 83' lang='grc'><em>“</em></span> 
     </span>
    </p>
   </div>
   <div class='ocr_carea' id='block_1_2' title="bbox 264 609 1397 2669">
    <p class='ocr_par' dir='ltr' id='par_1_2' title="bbox 265 609 1397 1967">
     <span class='ocr_line' id='line_1_2' title="bbox 267 609 1393 698; baseline 0 -20"><span class='ocrx_word' id='word_1_3' title='bbox 267 612 328 678; x_wconf 90' lang='lat' dir='ltr'>bus</span> <span class='ocrx_word' id='word_1_4' title='bbox 347 632 430 696; x_wconf 88' lang='lat' dir='ltr'>quae</span> <span class='ocrx_word' id='word_1_5' title='bbox 450 611 492 678; x_wconf 88' lang='lat' dir='ltr'>ad</span> <span class='ocrx_word' id='word_1_6' title='bbox 516 632 605 676; x_wconf 88' lang='lat' dir='ltr'>suam</span> <span class='ocrx_word' id='word_1_7' title='bbox 625 632 694 677; x_wconf 89' lang='lat' dir='ltr'>rem</span> <span class='ocrx_word' id='word_1_8' title='bbox 718 610 879 695; x_wconf 85' lang='lat' dir='ltr'>pertinere</span> <span class='ocrx_word' id='word_1_9' title='bbox 900 609 1098 691; x_wconf 91' lang='lat' dir='ltr'>viderentur,</span> <span class='ocrx_word' id='word_1_10' title='bbox 1131 613 1277 698; x_wconf 85' lang='lat' dir='ltr'><strong>inprimis</strong></span> <span class='ocrx_word' id='word_1_11' title='bbox 1299 612 1334 678; x_wconf 94' lang='lat' dir='ltr'>in</span> <span class='ocrx_word' id='word_1_12' title='bbox 1353 631 1393 678; x_wconf 86' lang='lat' dir='ltr'>ea</span> 
     </span>
     <span class='ocr_line' id='line_1_3' title="bbox 266 716 1397 804; baseline -0.001 -21"><span class='ocrx_word' id='word_1_13' title='bbox 266 723 358 800; x_wconf 90' lang='lat' dir='ltr'>parte</span> <span class='ocrx_word' id='word_1_14' title='bbox 389 717 580 784; x_wconf 78' lang='lat' dir='ltr'>narrationis</span> <span class='ocrx_word' id='word_1_15' title='bbox 615 738 697 801; x_wconf 86' lang='lat' dir='ltr'>quae</span> <span class='ocrx_word' id='word_1_16' title='bbox 732 723 781 784; x_wconf 87' lang='lat' dir='ltr'>est</span> <span class='ocrx_word' id='word_1_17' title='bbox 808 716 849 784; x_wconf 93' lang='lat' dir='ltr'>de</span> <span class='ocrx_word' id='word_1_18' title='bbox 872 739 952 784; x_wconf 84' lang='lat' dir='ltr'>oona</span> <span class='ocrx_word' id='word_1_19' title='bbox 984 723 1150 804; x_wconf 86' lang='lat' dir='ltr'>scortoque</span> <span class='ocrx_word' id='word_1_20' title='bbox 1185 717 1397 796; x_wconf 89' lang='lat' dir='ltr'>conducendo,</span> 
     </span>
     <span class='ocr_line' id='line_1_4' title="bbox 267 822 1394 908; baseline 0 -20"><span class='ocrx_word' id='word_1_21' title='bbox 267 823 421 908; x_wconf 78' lang='lat' dir='ltr'>neglectis</span> <span class='ocrx_word' id='word_1_22' title='bbox 433 822 600 888; x_wconf 77' lang='lat' dir='ltr'><strong>dumtaxat</strong></span> <span class='ocrx_word' id='word_1_23' title='bbox 614 824 667 887; x_wconf 91' lang='lat' dir='ltr'>eis</span> <span class='ocrx_word' id='word_1_24' title='bbox 676 845 758 907; x_wconf 89' lang='lat' dir='ltr'>quae</span> <span class='ocrx_word' id='word_1_25' title='bbox 775 822 815 889; x_wconf 90' lang='lat' dir='ltr'>de</span> <span class='ocrx_word' id='word_1_26' title='bbox 830 823 949 905; x_wconf 88' lang='lat' dir='ltr'>templo</span> <span class='ocrx_word' id='word_1_27' title='bbox 966 824 1095 890; x_wconf 91' lang='lat' dir='ltr'>obcluso</span> <span class='ocrx_word' id='word_1_28' title='bbox 1106 825 1192 908; x_wconf 89' lang='lat' dir='ltr'>apud</span> <span class='ocrx_word' id='word_1_29' title='bbox 1206 825 1394 891; x_wconf 87' lang='lat' dir='ltr'>vetustiores</span> 
     </span>
     <span class='ocr_line' id='line_1_5' title="bbox 267 925 1396 1013; baseline -0.002 -19"><span class='ocrx_word' id='word_1_30' title='bbox 267 928 450 994; x_wconf 85' lang='lat' dir='ltr'>referuntur</span> <span class='ocrx_word' id='word_1_31' title='bbox 472 932 505 992; x_wconf 90' lang='lat' dir='ltr'>et</span> <span class='ocrx_word' id='word_1_32' title='bbox 532 927 642 1009; x_wconf 83' lang='lat' dir='ltr'>paucis</span> <span class='ocrx_word' id='word_1_33' title='bbox 670 925 860 1011; x_wconf 88' lang='lat' dir='ltr'>quibusdam</span> <span class='ocrx_word' id='word_1_34' title='bbox 881 927 953 992; x_wconf 89' lang='lat' dir='ltr'>aliis</span> <span class='ocrx_word' id='word_1_35' title='bbox 983 927 1024 992; x_wconf 89' lang='lat' dir='ltr'>ad</span> <span class='ocrx_word' id='word_1_36' title='bbox 1048 929 1214 1013; x_wconf 88' lang='lat' dir='ltr'>singulare.</span> <span class='ocrx_word' id='word_1_37' title='bbox 1230 927 1396 994; x_wconf 89' lang='lat' dir='ltr'>consilium</span> 
     </span>
     <span class='ocr_line' id='line_1_6' title="bbox 267 1025 1395 1116; baseline -0.001 -16"><span class='ocrx_word' id='word_1_38' title='bbox 267 1034 401 1100; x_wconf 86' lang='lat' dir='ltr'>adiectis</span> <span class='ocrx_word' id='word_1_39' title='bbox 422 1033 598 1111; x_wconf 89' lang='lat' dir='ltr'>omissisve,</span> <span class='ocrx_word' id='word_1_40' title='bbox 631 1033 671 1098; x_wconf 91' lang='lat' dir='ltr'>de</span> <span class='ocrx_word' id='word_1_41' title='bbox 702 1033 818 1116; x_wconf 94' lang='lat' dir='ltr'>quibus</span> <span class='ocrx_word' id='word_1_42' title='bbox 846 1033 1031 1100; x_wconf 89' lang='lat' dir='ltr'>adcuratius</span> <span class='ocrx_word' id='word_1_43' title='bbox 1061 1025 1167 1104; x_wconf 88' lang='lat' dir='ltr'>dicere</span> <span class='ocrx_word' id='word_1_44' title='bbox 1197 1057 1280 1101; x_wconf 91' lang='lat' dir='ltr'>nunc</span> <span class='ocrx_word' id='word_1_45' title='bbox 1312 1034 1395 1100; x_wconf 92' lang='lat' dir='ltr'>nihil</span> 
     </span>
     <span class='ocr_line' id='line_1_7' title="bbox 267 1137 1394 1221; baseline 0 -17"><span class='ocrx_word' id='word_1_46' title='bbox 267 1139 404 1216; x_wconf 88' lang='lat' dir='ltr'>adtinet,</span> <span class='ocrx_word' id='word_1_47' title='bbox 425 1143 463 1202; x_wconf 89' lang='lat' dir='ltr'>ut</span> <span class='ocrx_word' id='word_1_48' title='bbox 483 1159 524 1204; x_wconf 91' lang='lat' dir='ltr'>ne</span> <span class='ocrx_word' id='word_1_49' title='bbox 543 1139 580 1202; x_wconf 93' lang='lat' dir='ltr'>iu</span> <span class='ocrx_word' id='word_1_50' title='bbox 599 1137 660 1202; x_wconf 92' lang='lat' dir='ltr'>hoc</span> <span class='ocrx_word' id='word_1_51' title='bbox 676 1137 805 1220; x_wconf 88' lang='lat' dir='ltr'>quidem</span> <span class='ocrx_word' id='word_1_52' title='bbox 819 1138 980 1220; x_wconf 82' lang='lat' dir='ltr'>&#39;scriptore</span> <span class='ocrx_word' id='word_1_53' title='bbox 993 1139 1089 1221; x_wconf 88' lang='lat' dir='ltr'>plane</span> <span class='ocrx_word' id='word_1_54' title='bbox 1108 1139 1295 1206; x_wconf 89' lang='lat' dir='ltr'>oblitterata</span> <span class='ocrx_word' id='word_1_55' title='bbox 1309 1137 1394 1204; x_wconf 85' lang='lat' dir='ltr'>vide·</span> 
     </span>
     <span class='ocr_line' id='line_1_8' title="bbox 267 1245 1393 1334; baseline 0 -22"><span class='ocrx_word' id='word_1_56' title='bbox 267 1252 362 1312; x_wconf 88' lang='lat' dir='ltr'>antur</span> <span class='ocrx_word' id='word_1_57' title='bbox 382 1247 564 1313; x_wconf 77' lang='lat' dir='ltr'>vetustioris</span> <span class='ocrx_word' id='word_1_58' title='bbox 584 1246 767 1312; x_wconf 84' lang='lat' dir='ltr'>traditionis</span> <span class='ocrx_word' id='word_1_59' title='bbox 787 1246 929 1332; x_wconf 87' lang='lat' dir='ltr'>vestigia.</span> <span class='ocrx_word' id='word_1_60' title='bbox 968 1245 1091 1312; x_wconf 87' lang='lat' dir='ltr'>Harum</span> <span class='ocrx_word' id='word_1_61' title='bbox 1109 1248 1208 1334; x_wconf 85' lang='lat' dir='ltr'>igitur</span> <span class='ocrx_word' id='word_1_62' title='bbox 1229 1247 1393 1332; x_wconf 80' lang='lat' dir='ltr'>cogitatio·</span> 
     </span>
     <span class='ocr_line' id='line_1_9' title="bbox 265 1352 1392 1436; baseline 0 -18"><span class='ocrx_word' id='word_1_63' title='bbox 265 1375 342 1418; x_wconf 91' lang='lat' dir='ltr'>num</span> <span class='ocrx_word' id='word_1_64' title='bbox 362 1353 565 1419; x_wconf 90' lang='lat' dir='ltr'>coniunctam</span> <span class='ocrx_word' id='word_1_65' title='bbox 586 1352 613 1417; x_wconf 91' lang='lat' dir='ltr'>si</span> <span class='ocrx_word' id='word_1_66' title='bbox 634 1353 706 1436; x_wconf 91' lang='lat' dir='ltr'>quis</span> <span class='ocrx_word' id='word_1_67' title='bbox 728 1352 894 1436; x_wconf 85' lang='lat' dir='ltr'>agnoverit</span> <span class='ocrx_word' id='word_1_68' title='bbox 913 1352 991 1430; x_wconf 86' lang='lat' dir='ltr'>vim,</span> <span class='ocrx_word' id='word_1_69' title='bbox 1018 1352 1048 1418; x_wconf 89' lang='lat' dir='ltr'>ei</span> <span class='ocrx_word' id='word_1_70' title='bbox 1077 1352 1170 1420; x_wconf 87' lang='lat' dir='ltr'>facile</span> <span class='ocrx_word' id='word_1_71' title='bbox 1191 1375 1241 1419; x_wconf 86' lang='lat' dir='ltr'>me</span> <span class='ocrx_word' id='word_1_72' title='bbox 1263 1373 1392 1436; x_wconf 86' lang='lat' dir='ltr'>persua-</span> 
     </span>
     <span class='ocr_line' id='line_1_10' title="bbox 268 1453 1392 1533; baseline -0.003 -12"><span class='ocrx_word' id='word_1_73' title='bbox 268 1477 377 1521; x_wconf 91' lang='lat' dir='ltr'>surum</span> <span class='ocrx_word' id='word_1_74' title='bbox 405 1477 474 1521; x_wconf 90' lang='lat' dir='ltr'>esse</span> <span class='ocrx_word' id='word_1_75' title='bbox 503 1453 640 1533; x_wconf 86' lang='lat' dir='ltr'>confido,</span> <span class='ocrx_word' id='word_1_76' title='bbox 676 1453 757 1519; x_wconf 92' lang='lat' dir='ltr'>illud</span> <span class='ocrx_word' id='word_1_77' title='bbox 785 1453 873 1520; x_wconf 91' lang='lat' dir='ltr'>haud</span> <span class='ocrx_word' id='word_1_78' title='bbox 902 1454 1166 1520; x_wconf 87' lang='lat' dir='ltr'>contemnendum</span> <span class='ocrx_word' id='word_1_79' title='bbox 1200 1476 1218 1520; x_wconf 92' lang='lat' dir='ltr'>e</span> <span class='ocrx_word' id='word_1_80' title='bbox 1250 1453 1392 1520; x_wconf 84' lang='lat' dir='ltr'>Macrobi</span> 
     </span>
     <span class='ocr_line' id='line_1_11' title="bbox 266 1555 1395 1644; baseline 0 -22"><span class='ocrx_word' id='word_1_81' title='bbox 266 1559 426 1644; x_wconf 80' lang='lat' dir='ltr'>farragine</span> <span class='ocrx_word' id='word_1_82' title='bbox 449 1559 531 1636; x_wconf 81' lang='lat' dir='ltr'>erui,</span> <span class='ocrx_word' id='word_1_83' title='bbox 552 1579 572 1624; x_wconf 94' lang='lat' dir='ltr'>a</span> <span class='ocrx_word' id='word_1_84' title='bbox 592 1557 763 1624; x_wconf 87' lang='lat' dir='ltr'>Plutarcho</span> <span class='ocrx_word' id='word_1_85' title='bbox 784 1559 862 1623; x_wconf 94' lang='lat' dir='ltr'>olim</span> <span class='ocrx_word' id='word_1_86' title='bbox 883 1558 1037 1640; x_wconf 90' lang='lat' dir='ltr'>scriptum</span> <span class='ocrx_word' id='word_1_87' title='bbox 1058 1559 1153 1625; x_wconf 79' lang='lat' dir='ltr'>baisse</span> <span class='ocrx_word' id='word_1_88' title='bbox 1174 1580 1239 1625; x_wconf 91' lang='lat' dir='ltr'>non</span> <span class='ocrx_word' id='word_1_89' title='bbox 1256 1557 1341 1643; x_wconf 81' lang='grc' dir='ltr'><em>μετὰ</em></span> <span class='ocrx_word' id='word_1_90' title='bbox 1357 1555 1395 1622; x_wconf 79' lang='grc' dir='ltr'>τὰ</span> 
     </span>
     <span class='ocr_line' id='line_1_12' title="bbox 268 1657 1396 1745; baseline -0.003 -17"><span class='ocrx_word' id='word_1_91' title='bbox 268 1663 403 1728; x_wconf 79' lang='grc' dir='ltr'><em>δεῖπνον</em></span> <span class='ocrx_word' id='word_1_92' title='bbox 414 1662 471 1730; x_wconf 88' lang='lat' dir='ltr'>sed</span> <span class='ocrx_word' id='word_1_93' title='bbox 490 1660 599 1745; x_wconf 79' lang='grc' dir='ltr'><em>μετὰ</em></span> <span class='ocrx_word' id='word_1_94' title='bbox 621 1663 692 1726; x_wconf 81' lang='grc' dir='ltr'>τοῦ</span> <span class='ocrx_word' id='word_1_95' title='bbox 715 1657 899 1736; x_wconf 82' lang='grc' dir='ltr'>δείπνου,</span> <span class='ocrx_word' id='word_1_96' title='bbox 917 1661 1032 1745; x_wconf 88' lang='lat' dir='ltr'>quibus</span> <span class='ocrx_word' id='word_1_97' title='bbox 1048 1663 1199 1728; x_wconf 64' lang='lat' dir='ltr'>Laranda</span> <span class='ocrx_word' id='word_1_98' title='bbox 1212 1661 1252 1728; x_wconf 87' lang='lat' dir='ltr'>ab</span> <span class='ocrx_word' id='word_1_99' title='bbox 1268 1661 1396 1728; x_wconf 84' lang='lat' dir='ltr'>aedituo</span> 
     </span>
     <span class='ocr_line' id='line_1_13' title="bbox 267 1767 1397 1850; baseline -0.003 -16"><span class='ocrx_word' id='word_1_100' title='bbox 267 1791 340 1834; x_wconf 86' lang='lat' dir='ltr'>curn</span> <span class='ocrx_word' id='word_1_101' title='bbox 352 1769 488 1834; x_wconf 88' lang='lat' dir='ltr'>lautiore</span> <span class='ocrx_word' id='word_1_102' title='bbox 499 1768 646 1833; x_wconf 88' lang='lat' dir='ltr'>Herculis</span> <span class='ocrx_word' id='word_1_103' title='bbox 662 1790 749 1847; x_wconf 83' lang='lat' dir='ltr'>cena,</span> <span class='ocrx_word' id='word_1_104' title='bbox 768 1769 858 1832; x_wconf 91' lang='lat' dir='ltr'>cuius</span> <span class='ocrx_word' id='word_1_105' title='bbox 871 1767 943 1850; x_wconf 90' lang='lat' dir='ltr'>ipsa</span> <span class='ocrx_word' id='word_1_106' title='bbox 956 1789 1030 1833; x_wconf 86' lang='lat' dir='ltr'>mox</span> <span class='ocrx_word' id='word_1_107' title='bbox 1046 1767 1155 1834; x_wconf 77' lang='lat' dir='ltr'>futura</span> <span class='ocrx_word' id='word_1_108' title='bbox 1170 1771 1253 1834; x_wconf 88' lang='lat' dir='ltr'>esset</span> <span class='ocrx_word' id='word_1_109' title='bbox 1268 1787 1397 1848; x_wconf 92' lang='lat' dir='ltr'>compos</span> 
     </span>
     <span class='ocr_line' id='line_1_14' title="bbox 267 1872 1045 1967; baseline 0 -29"><span class='ocrx_word' id='word_1_110' title='bbox 267 1879 364 1957; x_wconf 88' lang='lat' dir='ltr'>atque</span> <span class='ocrx_word' id='word_1_111' title='bbox 384 1873 557 1954; x_wconf 77' lang='lat' dir='ltr'>particeps,</span> <span class='ocrx_word' id='word_1_112' title='bbox 577 1872 818 1939; x_wconf 82' lang='lat' dir='ltr'>inclusaiuisse</span> <span class='ocrx_word' id='word_1_113' title='bbox 840 1872 1045 1967; x_wconf 83' lang='lat' dir='ltr'>significetur.</span> 
     </span>
    </p>

    <p class='ocr_par' dir='ltr' id='par_1_3' title="bbox 264 1975 1396 2669">
     <span class='ocr_line' id='line_1_15' title="bbox 351 1975 1392 2056; baseline -0.001 -13"><span class='ocrx_word' id='word_1_114' title='bbox 351 1978 471 2056; x_wconf 79' lang='lat' dir='ltr'>Quodsi</span> <span class='ocrx_word' id='word_1_115' title='bbox 500 1982 587 2042; x_wconf 83' lang='lat' dir='ltr'>recte</span> <span class='ocrx_word' id='word_1_116' title='bbox 617 1977 819 2043; x_wconf 90' lang='lat' dir='ltr'>emendatum</span> <span class='ocrx_word' id='word_1_117' title='bbox 847 1981 896 2042; x_wconf 92' lang='lat' dir='ltr'>est</span> <span class='ocrx_word' id='word_1_118' title='bbox 924 1978 974 2044; x_wconf 91' lang='lat' dir='ltr'>vel</span> <span class='ocrx_word' id='word_1_119' title='bbox 999 1977 1142 2043; x_wconf 88' lang='lat' dir='ltr'>Macrobi</span> <span class='ocrx_word' id='word_1_120' title='bbox 1168 1975 1320 2042; x_wconf 87' lang='lat' dir='ltr'>beneficio</span> <span class='ocrx_word' id='word_1_121' title='bbox 1342 1998 1392 2042; x_wconf 90' lang='lat' dir='ltr'>re-</span> 
     </span>
     <span class='ocr_line' id='line_1_16' title="bbox 267 2076 1393 2162; baseline 0.002 -20"><span class='ocrx_word' id='word_1_122' title='bbox 267 2077 420 2154; x_wconf 83' lang='lat' dir='ltr'>stitutum,</span> <span class='ocrx_word' id='word_1_123' title='bbox 443 2076 633 2142; x_wconf 90' lang='lat' dir='ltr'>conveniens</span> <span class='ocrx_word' id='word_1_124' title='bbox 649 2076 781 2143; x_wconf 89' lang='lat' dir='ltr'>videtur·</span> <span class='ocrx_word' id='word_1_125' title='bbox 795 2098 859 2142; x_wconf 93' lang='lat' dir='ltr'>uno</span> <span class='ocrx_word' id='word_1_126' title='bbox 873 2077 970 2143; x_wconf 92' lang='lat' dir='ltr'>verbo</span> <span class='ocrx_word' id='word_1_127' title='bbox 990 2078 1125 2144; x_wconf 88' lang='lat' dir='ltr'>lectores</span> <span class='ocrx_word' id='word_1_128' title='bbox 1144 2077 1276 2156; x_wconf 83' lang='lat' dir='ltr'>edoceri,</span> <span class='ocrx_word' id='word_1_129' title='bbox 1298 2099 1393 2162; x_wconf 89' lang='lat' dir='ltr'>quam</span> 
     </span>
     <span class='ocr_line' id='line_1_17' title="bbox 267 2181 1396 2266; baseline 0.003 -19"><span class='ocrx_word' id='word_1_130' title='bbox 267 2181 308 2247; x_wconf 92' lang='lat' dir='ltr'>ob</span> <span class='ocrx_word' id='word_1_131' title='bbox 330 2203 457 2247; x_wconf 86' lang='lat' dir='ltr'>causam</span> <span class='ocrx_word' id='word_1_132' title='bbox 479 2182 631 2248; x_wconf 87' lang='lat' dir='ltr'>larentia</span> <span class='ocrx_word' id='word_1_133' title='bbox 659 2201 731 2246; x_wconf 90' lang='lat' dir='ltr'>cum</span> <span class='ocrx_word' id='word_1_134' title='bbox 755 2203 848 2254; x_wconf 77' lang='lat' dir='ltr'>cena,</span> <span class='ocrx_word' id='word_1_135' title='bbox 860 2182 984 2248; x_wconf 90' lang='lat' dir='ltr'>inclusa</span> <span class='ocrx_word' id='word_1_136' title='bbox 1004 2181 1115 2262; x_wconf 80' lang='lat' dir='ltr'>fucrit,</span> <span class='ocrx_word' id='word_1_137' title='bbox 1141 2187 1307 2266; x_wconf 87' lang='lat' dir='ltr'>potestque</span> <span class='ocrx_word' id='word_1_138' title='bbox 1335 2184 1396 2250; x_wconf 89' lang='lat' dir='ltr'>hoc</span> 
     </span>
     <span class='ocr_line' id='line_1_18' title="bbox 267 2282 1395 2366; baseline 0.002 -16"><span class='ocrx_word' id='word_1_139' title='bbox 267 2283 486 2366; x_wconf 90' lang='lat' dir='ltr'>percommode</span> <span class='ocrx_word' id='word_1_140' title='bbox 508 2282 592 2362; x_wconf 87' lang='lat' dir='ltr'>fieri,</span> <span class='ocrx_word' id='word_1_141' title='bbox 614 2283 641 2348; x_wconf 93' lang='lat' dir='ltr'>si</span> <span class='ocrx_word' id='word_1_142' title='bbox 662 2283 809 2366; x_wconf 87' lang='lat' dir='ltr'>proxima</span> <span class='ocrx_word' id='word_1_143' title='bbox 827 2284 926 2350; x_wconf 91' lang='lat' dir='ltr'>rerba</span> <span class='ocrx_word' id='word_1_144' title='bbox 946 2284 982 2348; x_wconf 93' lang='lat' dir='ltr'>in</span> <span class='ocrx_word' id='word_1_145' title='bbox 1003 2285 1088 2350; x_wconf 91' lang='lat' dir='ltr'>hunc</span> <span class='ocrx_word' id='word_1_146' title='bbox 1109 2284 1176 2350; x_wconf 89' lang='lat' dir='ltr'>sere</span> <span class='ocrx_word' id='word_1_147' title='bbox 1204 2283 1332 2350; x_wconf 89' lang='lat' dir='ltr'>modum</span> <span class='ocrx_word' id='word_1_148' title='bbox 1354 2285 1395 2352; x_wconf 89' lang='lat' dir='ltr'>ab</span> 
     </span>
     <span class='ocr_line' id='line_1_19' title="bbox 264 2377 1395 2469; baseline -0.002 -19"><span class='ocrx_word' id='word_1_149' title='bbox 264 2391 393 2452; x_wconf 87' lang='lat' dir='ltr'>auctore</span> <span class='ocrx_word' id='word_1_150' title='bbox 414 2384 557 2469; x_wconf 82' lang='lat' dir='ltr'>prolecta</span> <span class='ocrx_word' id='word_1_151' title='bbox 577 2384 788 2467; x_wconf 81' lang='lat' dir='ltr'>suspicemur:</span> <span class='ocrx_word' id='word_1_152' title='bbox 810 2377 855 2461; x_wconf 82' lang='grc' dir='ltr'>ὡς</span> <span class='ocrx_word' id='word_1_153' title='bbox 877 2381 917 2469; x_wconf 71' lang='grc' dir='ltr'>δὴ</span> <span class='ocrx_word' id='word_1_154' title='bbox 940 2386 1001 2450; x_wconf 82' lang='grc' dir='ltr'>τοῦ</span> <span class='ocrx_word' id='word_1_155' title='bbox 1025 2385 1107 2450; x_wconf 68' lang='grc' dir='ltr'><strong><em>θεοῦ</em></strong></span> <span class='ocrx_word' id='word_1_156' title='bbox 1127 2382 1395 2466; x_wconf 71' lang='grc' dir='ltr'><strong><em>μεθέξοντος</em></strong></span> 
     </span>
     <span class='ocr_line' id='line_1_20' title="bbox 269 2483 1394 2573; baseline -0.002 -23"><span class='ocrx_word' id='word_1_157' title='bbox 269 2483 362 2573; x_wconf 74' lang='grc' dir='ltr'><strong><em>αὐτῇ.</em></strong></span> <span class='ocrx_word' id='word_1_158' title='bbox 405 2486 489 2551; x_wconf 89' lang='lat' dir='ltr'>Hinc</span> <span class='ocrx_word' id='word_1_159' title='bbox 510 2483 769 2552; x_wconf 79' lang='lat' dir='ltr'>verecundiorem</span> <span class='ocrx_word' id='word_1_160' title='bbox 796 2483 895 2549; x_wconf 89' lang='lat' dir='ltr'>etiam</span> <span class='ocrx_word' id='word_1_161' title='bbox 922 2483 1118 2550; x_wconf 88' lang='lat' dir='ltr'>lucrabimur</span> <span class='ocrx_word' id='word_1_162' title='bbox 1145 2483 1291 2548; x_wconf 88' lang='lat' dir='ltr'>amatorii</span> <span class='ocrx_word' id='word_1_163' title='bbox 1314 2483 1394 2550; x_wconf 91' lang='lat' dir='ltr'>Her-</span> 
     </span>
     <span class='ocr_line' id='line_1_21' title="bbox 266 2582 1393 2669; baseline -0.002 -19"><span class='ocrx_word' id='word_1_164' title='bbox 266 2585 346 2650; x_wconf 90' lang='lat' dir='ltr'>oulis</span> <span class='ocrx_word' id='word_1_165' title='bbox 366 2585 599 2669; x_wconf 87' lang='lat' dir='ltr'>Larentiaeque</span> <span class='ocrx_word' id='word_1_166' title='bbox 620 2585 780 2650; x_wconf 86' lang='lat' dir='ltr'>convictus</span> <span class='ocrx_word' id='word_1_167' title='bbox 810 2589 844 2649; x_wconf 86' lang='lat' dir='ltr'>et</span> <span class='ocrx_word' id='word_1_168' title='bbox 875 2588 1003 2648; x_wconf 89' lang='lat' dir='ltr'>mutuae</span> <span class='ocrx_word' id='word_1_169' title='bbox 1026 2584 1116 2667; x_wconf 89' lang='lat' dir='ltr'>quasi</span> <span class='ocrx_word' id='word_1_170' title='bbox 1138 2604 1304 2648; x_wconf 89' lang='lat' dir='ltr'>munerum</span> <span class='ocrx_word' id='word_1_171' title='bbox 1325 2582 1393 2648; x_wconf 89' lang='lat' dir='ltr'>offi-</span> 
     </span>
    </p>
   </div>
   <div class='ocr_carea' id='block_1_3' title="bbox 183 2687 1425 4314">
    <p class='ocr_par' dir='ltr' id='par_1_4' title="bbox 183 2687 1393 2876">
     <span class='ocr_line' id='line_1_22' title="bbox 267 2687 1393 2774; baseline -0.004 -17"><span class='ocrx_word' id='word_1_172' title='bbox 267 2692 451 2774; x_wconf 89' lang='lat' dir='ltr'>ciorumque</span> <span class='ocrx_word' id='word_1_173' title='bbox 470 2690 656 2755; x_wconf 87' lang='lat' dir='ltr'>tributionis</span> <span class='ocrx_word' id='word_1_174' title='bbox 677 2689 867 2772; x_wconf 72' lang='lat' dir='ltr'>imaginem,</span> <span class='ocrx_word' id='word_1_175' title='bbox 899 2709 996 2771; x_wconf 90' lang='lat' dir='ltr'>quam</span> <span class='ocrx_word' id='word_1_176' title='bbox 1024 2708 1116 2752; x_wconf 90' lang='lat' dir='ltr'>nemo</span> <span class='ocrx_word' id='word_1_177' title='bbox 1145 2709 1209 2752; x_wconf 92' lang='lat' dir='ltr'>non</span> <span class='ocrx_word' id='word_1_178' title='bbox 1230 2687 1316 2754; x_wconf 90' lang='lat' dir='ltr'>videt</span> <span class='ocrx_word' id='word_1_179' title='bbox 1336 2689 1393 2752; x_wconf 83' lang='lat' dir='ltr'>ali-</span> 
     </span>
     <span class='ocr_line' id='line_1_23' title="bbox 183 2776 1392 2876; baseline 0.002 -20"><span class='ocrx_word' id='word_1_180' title='bbox 183 2782 186 2790; x_wconf 71' lang='grc'><strong>’</strong></span> <span class='ocrx_word' id='word_1_181' title='bbox 267 2797 387 2876; x_wconf 84' lang='lat' dir='ltr'>quanto</span> <span class='ocrx_word' id='word_1_182' title='bbox 406 2790 593 2857; x_wconf 80' lang='lat' dir='ltr'>viridiorem</span> <span class='ocrx_word' id='word_1_183' title='bbox 613 2812 697 2870; x_wconf 90' lang='lat' dir='ltr'>esse,</span> <span class='ocrx_word' id='word_1_184' title='bbox 717 2776 825 2875; x_wconf 66' lang='lat' dir='ltr'>‘quam</span> <span class='ocrx_word' id='word_1_185' title='bbox 851 2790 878 2854; x_wconf 90' lang='lat' dir='ltr'>si</span> <span class='ocrx_word' id='word_1_186' title='bbox 903 2790 996 2856; x_wconf 92' lang='lat' dir='ltr'>deum</span> <span class='ocrx_word' id='word_1_187' title='bbox 1019 2790 1195 2856; x_wconf 89' lang='lat' dir='ltr'>solitarium</span> <span class='ocrx_word' id='word_1_188' title='bbox 1224 2791 1316 2858; x_wconf 91' lang='lat' dir='ltr'>nobis</span> <span class='ocrx_word' id='word_1_189' title='bbox 1344 2814 1392 2858; x_wconf 90' lang='lat' dir='ltr'>re-</span> 
     </span>
    </p>

    <p class='ocr_par' dir='ltr' id='par_1_5' title="bbox 232 2885 1425 4314">
     <span class='ocr_line' id='line_1_24' title="bbox 232 2885 1392 2984; baseline -0.002 -20"><span class='ocrx_word' id='word_1_190' title='bbox 232 2897 249 2933; x_wconf 90' lang='lat'>·.</span> <span class='ocrx_word' id='word_1_191' title='bbox 267 2905 471 2982; x_wconf 85' lang='lat' dir='ltr'>praesentare</span> <span class='ocrx_word' id='word_1_192' title='bbox 492 2920 642 2984; x_wconf 82' lang='lat' dir='ltr'>cogamur</span> <span class='ocrx_word' id='word_1_193' title='bbox 671 2885 845 2964; x_wconf 78' lang='lat' dir='ltr'>linearum</span> <span class='ocrx_word' id='word_1_194' title='bbox 872 2897 974 2964; x_wconf 87' lang='lat' dir='ltr'>instar</span> <span class='ocrx_word' id='word_1_195' title='bbox 1004 2901 1152 2979; x_wconf 87' lang='lat' dir='ltr'>satrapae</span> <span class='ocrx_word' id='word_1_196' title='bbox 1183 2899 1271 2984; x_wconf 88' lang='lat' dir='ltr'>regie</span> <span class='ocrx_word' id='word_1_197' title='bbox 1298 2897 1392 2964; x_wconf 89' lang='lat' dir='ltr'>adcu-</span> 
     </span>
     <span class='ocr_line' id='line_1_25' title="bbox 267 3002 1393 3086; baseline -0.001 -13"><span class='ocrx_word' id='word_1_198' title='bbox 267 3008 410 3086; x_wconf 85' lang='lat' dir='ltr'>bantem,</span> <span class='ocrx_word' id='word_1_199' title='bbox 441 3007 492 3072; x_wconf 92' lang='lat' dir='ltr'>vel</span> <span class='ocrx_word' id='word_1_200' title='bbox 520 3007 548 3072; x_wconf 92' lang='lat' dir='ltr'>si</span> <span class='ocrx_word' id='word_1_201' title='bbox 567 3006 737 3072; x_wconf 87' lang='lat' dir='ltr'>Herculem</span> <span class='ocrx_word' id='word_1_202' title='bbox 771 3005 927 3071; x_wconf 85' lang='lat' dir='ltr'>exhausta</span> <span class='ocrx_word' id='word_1_203' title='bbox 955 3002 1081 3070; x_wconf 90' lang='lat' dir='ltr'>demum</span> <span class='ocrx_word' id='word_1_204' title='bbox 1101 3004 1271 3086; x_wconf 88' lang='lat' dir='ltr'>peculiaris</span> <span class='ocrx_word' id='word_1_205' title='bbox 1297 3027 1393 3072; x_wconf 88' lang='lat' dir='ltr'>cenae</span> 
     </span>
     <span class='ocr_line' id='line_1_26' title="bbox 266 3105 1425 3174; baseline -0.002 0"><span class='ocrx_word' id='word_1_206' title='bbox 266 3107 409 3174; x_wconf 90' lang='lat' dir='ltr'>lubidine</span> <span class='ocrx_word' id='word_1_207' title='bbox 430 3108 472 3174; x_wconf 91' lang='lat' dir='ltr'>ad</span> <span class='ocrx_word' id='word_1_208' title='bbox 492 3107 639 3174; x_wconf 81' lang='lat' dir='ltr'>lascivias</span> <span class='ocrx_word' id='word_1_209' title='bbox 655 3128 727 3172; x_wconf 91' lang='lat' dir='ltr'>cum</span> <span class='ocrx_word' id='word_1_210' title='bbox 748 3106 900 3172; x_wconf 86' lang='lat' dir='ltr'>Larentia</span> <span class='ocrx_word' id='word_1_211' title='bbox 919 3105 1111 3171; x_wconf 85' lang='lat' dir='ltr'>exercendas</span> <span class='ocrx_word' id='word_1_212' title='bbox 1131 3127 1199 3172; x_wconf 90' lang='lat' dir='ltr'>sese</span> <span class='ocrx_word' id='word_1_213' title='bbox 1219 3107 1395 3173; x_wconf 87' lang='lat' dir='ltr'>accinxisse</span> <span class='ocrx_word' id='word_1_214' title='bbox 1423 3169 1425 3172; x_wconf 84' lang='lat'>.</span> 
     </span>
     <span class='ocr_line' id='line_1_27' title="bbox 265 3209 1397 3299; baseline -0.002 -21"><span class='ocrx_word' id='word_1_215' title='bbox 265 3213 428 3299; x_wconf 83' lang='lat' dir='ltr'>fingamus.</span> <span class='ocrx_word' id='word_1_216' title='bbox 473 3212 620 3280; x_wconf 83' lang='lat' dir='ltr'>Ceterum</span> <span class='ocrx_word' id='word_1_217' title='bbox 642 3209 713 3276; x_wconf 82' lang='lat' dir='ltr'>fons</span> <span class='ocrx_word' id='word_1_218' title='bbox 733 3210 851 3275; x_wconf 89' lang='lat' dir='ltr'>erroris</span> <span class='ocrx_word' id='word_1_219' title='bbox 879 3209 914 3273; x_wconf 92' lang='lat' dir='ltr'>in</span> <span class='ocrx_word' id='word_1_220' title='bbox 940 3209 1107 3292; x_wconf 85' lang='lat' dir='ltr'>propatulo</span> <span class='ocrx_word' id='word_1_221' title='bbox 1137 3215 1200 3290; x_wconf 79' lang='lat' dir='ltr'>est3</span> <span class='ocrx_word' id='word_1_222' title='bbox 1229 3233 1304 3276; x_wconf 91' lang='lat' dir='ltr'>nam</span> <span class='ocrx_word' id='word_1_223' title='bbox 1333 3211 1397 3278; x_wconf 90' lang='lat' dir='ltr'>dici</span> 
     </span>
     <span class='ocr_line' id='line_1_28' title="bbox 265 3299 1395 3402; baseline -0.009 -14"><span class='ocrx_word' id='word_1_224' title='bbox 265 3321 319 3388; x_wconf 81' lang='lat' dir='ltr'>rix</span> <span class='ocrx_word' id='word_1_225' title='bbox 340 3325 461 3402; x_wconf 87' lang='lat' dir='ltr'>potest,</span> <span class='ocrx_word' id='word_1_226' title='bbox 483 3340 579 3402; x_wconf 88' lang='lat' dir='ltr'>quam</span> <span class='ocrx_word' id='word_1_227' title='bbox 599 3337 693 3398; x_wconf 89' lang='lat' dir='ltr'>saepe</span> <span class='ocrx_word' id='word_1_228' title='bbox 715 3316 920 3380; x_wconf 89' lang='lat' dir='ltr'>notissimum·</span> <span class='ocrx_word' id='word_1_229' title='bbox 938 3316 1149 3398; x_wconf 87' lang='lat' dir='ltr'>conpendium</span> <span class='ocrx_word' id='word_1_230' title='bbox 1175 3299 1238 3394; x_wconf 68' lang='grc' dir='ltr'>δ’ὁ,</span> <span class='ocrx_word' id='word_1_231' title='bbox 1254 3299 1323 3376; x_wconf 66' lang='lat' dir='ltr'>Ui</span> <span class='ocrx_word' id='word_1_232' title='bbox 1338 3319 1395 3381; x_wconf 84' lang='lat' dir='ltr'>etc.</span> 
     </span>
     <span class='ocr_line' id='line_1_29' title="bbox 266 3419 1392 3506; baseline -0.004 -18"><span class='ocrx_word' id='word_1_233' title='bbox 266 3426 317 3490; x_wconf 92' lang='lat' dir='ltr'>vel</span> <span class='ocrx_word' id='word_1_234' title='bbox 335 3425 443 3506; x_wconf 91' lang='lat' dir='ltr'>ipsum</span> <span class='ocrx_word' id='word_1_235' title='bbox 467 3421 589 3487; x_wconf 87' lang='lat' dir='ltr'>scribas</span> <span class='ocrx_word' id='word_1_236' title='bbox 608 3420 758 3486; x_wconf 82' lang='lat' dir='ltr'>fefellerit</span> <span class='ocrx_word' id='word_1_237' title='bbox 777 3421 826 3486; x_wconf 92' lang='lat' dir='ltr'>vel</span> <span class='ocrx_word' id='word_1_238' title='bbox 846 3419 1000 3486; x_wconf 88' lang='lat' dir='ltr'>vocabula</span> <span class='ocrx_word' id='word_1_239' title='bbox 1020 3421 1110 3488; x_wconf 84' lang='lat' dir='ltr'>iuxta</span> <span class='ocrx_word' id='word_1_240' title='bbox 1138 3421 1243 3503; x_wconf 89' lang='lat' dir='ltr'>posita</span> <span class='ocrx_word' id='word_1_241' title='bbox 1263 3419 1392 3486; x_wconf 75' lang='lat' dir='ltr'>detrim-</span> 
     </span>
     <span class='ocr_line' id='line_1_30' title="bbox 269 3518 1395 3607; baseline -0.007 -15"><span class='ocrx_word' id='word_1_242' title='bbox 269 3524 391 3592; x_wconf 89' lang='lat' dir='ltr'>caverit</span> <span class='ocrx_word' id='word_1_243' title='bbox 423 3523 505 3607; x_wconf 82' lang='lat' dir='ltr'>(qua</span> <span class='ocrx_word' id='word_1_244' title='bbox 534 3519 574 3587; x_wconf 89' lang='lat' dir='ltr'>de</span> <span class='ocrx_word' id='word_1_245' title='bbox 594 3542 630 3586; x_wconf 89' lang='lat' dir='ltr'>re</span> <span class='ocrx_word' id='word_1_246' title='bbox 652 3519 712 3585; x_wconf 90' lang='lat' dir='ltr'>rid.</span> <span class='ocrx_word' id='word_1_247' title='bbox 742 3518 841 3586; x_wconf 82' lang='lat' dir='ltr'>Cobet</span> <span class='ocrx_word' id='word_1_248' title='bbox 861 3519 926 3584; x_wconf 88' lang='lat' dir='ltr'>NL.</span> <span class='ocrx_word' id='word_1_249' title='bbox 955 3541 985 3602; x_wconf 93' lang='lat' dir='ltr'>p.</span> <span class='ocrx_word' id='word_1_250' title='bbox 1011 3521 1071 3605; x_wconf 82' lang='lat' dir='ltr'>to).</span> <span class='ocrx_word' id='word_1_251' title='bbox 1124 3519 1174 3585; x_wconf 91' lang='lat' dir='ltr'>Ad</span> <span class='ocrx_word' id='word_1_252' title='bbox 1202 3540 1272 3585; x_wconf 86' lang='lat' dir='ltr'>rem</span> <span class='ocrx_word' id='word_1_253' title='bbox 1292 3519 1395 3602; x_wconf 89' lang='lat' dir='ltr'>ipsam</span> 
     </span>
     <span class='ocr_line' id='line_1_31' title="bbox 268 3623 1396 3710; baseline -0.001 -20"><span class='ocrx_word' id='word_1_254' title='bbox 268 3647 343 3693; x_wconf 90' lang='lat' dir='ltr'>vero</span> <span class='ocrx_word' id='word_1_255' title='bbox 362 3625 447 3710; x_wconf 87' lang='lat' dir='ltr'>quod</span> <span class='ocrx_word' id='word_1_256' title='bbox 468 3624 608 3703; x_wconf 85' lang='lat' dir='ltr'>adtinet,</span> <span class='ocrx_word' id='word_1_257' title='bbox 629 3624 711 3688; x_wconf 91' lang='lat' dir='ltr'>nihil</span> <span class='ocrx_word' id='word_1_258' title='bbox 733 3624 889 3690; x_wconf 89' lang='lat' dir='ltr'>succurrit</span> <span class='ocrx_word' id='word_1_259' title='bbox 909 3623 993 3708; x_wconf 93' lang='lat' dir='ltr'>quod</span> <span class='ocrx_word' id='word_1_260' title='bbox 1014 3624 1208 3690; x_wconf 91' lang='lat' dir='ltr'>commodius</span> <span class='ocrx_word' id='word_1_261' title='bbox 1222 3643 1396 3707; x_wconf 88' lang='lat' dir='ltr'>conparare</span> 
     </span>
     <span class='ocr_line' id='line_1_32' title="bbox 269 3724 1393 3812; baseline -0.004 -19"><span class='ocrx_word' id='word_1_262' title='bbox 269 3729 401 3812; x_wconf 91' lang='lat' dir='ltr'>possim,</span> <span class='ocrx_word' id='word_1_263' title='bbox 422 3748 519 3812; x_wconf 92' lang='lat' dir='ltr'>quam</span> <span class='ocrx_word' id='word_1_264' title='bbox 540 3725 668 3808; x_wconf 88' lang='lat' dir='ltr'>Iosephi</span> <span class='ocrx_word' id='word_1_265' title='bbox 688 3724 959 3791; x_wconf 80' lang='lat' dir='ltr'>narratiunculam</span> <span class='ocrx_word' id='word_1_266' title='bbox 981 3725 1140 3808; x_wconf 89' lang='lat' dir='ltr'>quantivis</span> <span class='ocrx_word' id='word_1_267' title='bbox 1161 3725 1258 3808; x_wconf 89' lang='lat' dir='ltr'>pretii</span> <span class='ocrx_word' id='word_1_268' title='bbox 1279 3725 1314 3789; x_wconf 90' lang='lat' dir='ltr'>in</span> <span class='ocrx_word' id='word_1_269' title='bbox 1329 3724 1393 3790; x_wconf 82' lang='lat' dir='ltr'>An-</span> 
     </span>
     <span class='ocr_line' id='line_1_33' title="bbox 268 3827 1391 3916; baseline -0.004 -18"><span class='ocrx_word' id='word_1_270' title='bbox 268 3834 324 3916; x_wconf 87' lang='lat' dir='ltr'>tiq.</span> <span class='ocrx_word' id='word_1_271' title='bbox 336 3831 403 3896; x_wconf 91' lang='lat' dir='ltr'>Iud.</span> <span class='ocrx_word' id='word_1_272' title='bbox 416 3829 535 3908; x_wconf 85' lang='lat' dir='ltr'>XVIII,</span> <span class='ocrx_word' id='word_1_273' title='bbox 556 3835 584 3907; x_wconf 79' lang='lat'>3,</span> <span class='ocrx_word' id='word_1_274' title='bbox 600 3836 619 3894; x_wconf 80' lang='lat'>4</span> <span class='ocrx_word' id='word_1_275' title='bbox 635 3827 676 3894; x_wconf 90' lang='lat' dir='ltr'>de</span> <span class='ocrx_word' id='word_1_276' title='bbox 696 3827 853 3914; x_wconf 84' lang='lat' dir='ltr'>flagitioso</span> <span class='ocrx_word' id='word_1_277' title='bbox 875 3833 986 3910; x_wconf 90' lang='lat' dir='ltr'>stupro</span> <span class='ocrx_word' id='word_1_278' title='bbox 1008 3850 1028 3893; x_wconf 89' lang='lat' dir='ltr'>a</span> <span class='ocrx_word' id='word_1_279' title='bbox 1048 3828 1181 3906; x_wconf 87' lang='lat' dir='ltr'>Mundo,</span> <span class='ocrx_word' id='word_1_280' title='bbox 1204 3829 1311 3912; x_wconf 88' lang='lat' dir='ltr'>equite</span> <span class='ocrx_word' id='word_1_281' title='bbox 1331 3829 1391 3894; x_wconf 90' lang='lat' dir='ltr'>Ro-</span> 
     </span>
     <span class='ocr_line' id='line_1_34' title="bbox 267 3933 1394 4015; baseline -0.005 -9"><span class='ocrx_word' id='word_1_282' title='bbox 267 3960 370 4015; x_wconf 89' lang='lat' dir='ltr'>mano,</span> <span class='ocrx_word' id='word_1_283' title='bbox 392 3935 562 4014; x_wconf 75' lang='lat' dir='ltr'>Paullinaa</span> <span class='ocrx_word' id='word_1_284' title='bbox 585 3933 748 4000; x_wconf 86' lang='lat' dir='ltr'>Saturnini</span> <span class='ocrx_word' id='word_1_285' title='bbox 770 3934 868 4012; x_wconf 86' lang='lat' dir='ltr'>uxori,</span> <span class='ocrx_word' id='word_1_286' title='bbox 890 3934 926 4000; x_wconf 90' lang='lat' dir='ltr'>in</span> <span class='ocrx_word' id='word_1_287' title='bbox 947 3935 1020 4000; x_wconf 85' lang='lat' dir='ltr'>fano</span> <span class='ocrx_word' id='word_1_288' title='bbox 1036 3934 1143 4014; x_wconf 90' lang='lat' dir='ltr'>Isidis,</span> <span class='ocrx_word' id='word_1_289' title='bbox 1164 3933 1321 4002; x_wconf 82' lang='lat' dir='ltr'>Anubidis</span> <span class='ocrx_word' id='word_1_290' title='bbox 1343 3935 1394 4002; x_wconf 89' lang='lat' dir='ltr'>dei</span> 
     </span>
     <span class='ocr_line' id='line_1_35' title="bbox 266 4038 1395 4127; baseline -0.001 -19"><span class='ocrx_word' id='word_1_291' title='bbox 266 4043 358 4127; x_wconf 91' lang='lat' dir='ltr'>quasi</span> <span class='ocrx_word' id='word_1_292' title='bbox 377 4039 527 4122; x_wconf 89' lang='lat' dir='ltr'>auspiciis</span> <span class='ocrx_word' id='word_1_293' title='bbox 548 4044 582 4104; x_wconf 88' lang='lat' dir='ltr'>et</span> <span class='ocrx_word' id='word_1_294' title='bbox 601 4039 681 4122; x_wconf 88' lang='lat' dir='ltr'>ipsis</span> <span class='ocrx_word' id='word_1_295' title='bbox 707 4038 801 4104; x_wconf 88' lang='lat' dir='ltr'>Isidis</span> <span class='ocrx_word' id='word_1_296' title='bbox 829 4039 1046 4106; x_wconf 89' lang='lat' dir='ltr'>sacerdotibus</span> <span class='ocrx_word' id='word_1_297' title='bbox 1074 4061 1203 4106; x_wconf 90' lang='lat' dir='ltr'>manum</span> <span class='ocrx_word' id='word_1_298' title='bbox 1229 4040 1395 4124; x_wconf 86' lang='lat' dir='ltr'>locumque</span> 
     </span>
     <span class='ocr_line' id='line_1_36' title="bbox 266 4139 1392 4226; baseline 0.002 -17"><span class='ocrx_word' id='word_1_299' title='bbox 266 4141 506 4226; x_wconf 84' lang='lat' dir='ltr'>praebentibus,</span> <span class='ocrx_word' id='word_1_300' title='bbox 524 4140 641 4217; x_wconf 89' lang='lat' dir='ltr'>inlato,</span> <span class='ocrx_word' id='word_1_301' title='bbox 661 4139 718 4204; x_wconf 92' lang='lat' dir='ltr'>ubi</span> <span class='ocrx_word' id='word_1_302' title='bbox 738 4145 811 4222; x_wconf 93' lang='lat' dir='ltr'>post</span> <span class='ocrx_word' id='word_1_303' title='bbox 827 4141 904 4219; x_wconf 90' lang='lat' dir='ltr'>alia,</span> <span class='ocrx_word' id='word_1_304' title='bbox 926 4162 1006 4224; x_wconf 87' lang='lat' dir='ltr'>quae</span> <span class='ocrx_word' id='word_1_305' title='bbox 1028 4142 1109 4207; x_wconf 89' lang='lat' dir='ltr'>nihil</span> <span class='ocrx_word' id='word_1_306' title='bbox 1127 4142 1169 4208; x_wconf 89' lang='lat' dir='ltr'>ad</span> <span class='ocrx_word' id='word_1_307' title='bbox 1188 4163 1270 4220; x_wconf 91' lang='lat' dir='ltr'>rem,</span> <span class='ocrx_word' id='word_1_308' title='bbox 1291 4163 1392 4211; x_wconf 86' lang='lat' dir='ltr'>sacer·</span> 
     </span>
     <span class='ocr_line' id='line_1_37' title="bbox 267 4238 1393 4314; baseline 0.003 -5"><span class='ocrx_word' id='word_1_309' title='bbox 267 4245 377 4311; x_wconf 90' lang='lat' dir='ltr'>dotum</span> <span class='ocrx_word' id='word_1_310' title='bbox 406 4245 580 4310; x_wconf 89' lang='lat' dir='ltr'>Isiacorum</span> <span class='ocrx_word' id='word_1_311' title='bbox 608 4248 689 4309; x_wconf 92' lang='lat' dir='ltr'>natu</span> <span class='ocrx_word' id='word_1_312' title='bbox 718 4244 874 4310; x_wconf 86' lang='lat' dir='ltr'>maximus</span> <span class='ocrx_word' id='word_1_313' title='bbox 906 4245 946 4310; x_wconf 91' lang='lat' dir='ltr'>ad</span> <span class='ocrx_word' id='word_1_314' title='bbox 971 4245 1148 4312; x_wconf 88' lang='lat' dir='ltr'>Paullinam</span> <span class='ocrx_word' id='word_1_315' title='bbox 1177 4238 1393 4314; x_wconf 86' lang='lat' dir='ltr'>intromissus:</span> 
     </span>
    </p>
   </div>
   <div class='ocr_carea' id='block_1_4' title="bbox 268 4484 1394 4641">
    <p class='ocr_par' dir='ltr' id='par_1_6' title="bbox 268 4484 1394 4641">
     <span class='ocr_line' id='line_1_38' title="bbox 269 4484 1394 4554; baseline 0.002 -16"><span class='ocrx_word' id='word_1_316' title='bbox 269 4485 345 4554; x_wconf 68' lang='lat' dir='ltr'>Sillig</span> <span class='ocrx_word' id='word_1_317' title='bbox 355 4489 388 4539; x_wconf 79' lang='lat' dir='ltr'>ad</span> <span class='ocrx_word' id='word_1_318' title='bbox 404 4486 468 4538; x_wconf 87' lang='lat' dir='ltr'>Pliu.</span> <span class='ocrx_word' id='word_1_319' title='bbox 480 4503 505 4538; x_wconf 86' lang='lat' dir='ltr'>n.</span> <span class='ocrx_word' id='word_1_320' title='bbox 518 4484 545 4538; x_wconf 87' lang='lat' dir='ltr'>h.</span> <span class='ocrx_word' id='word_1_321' title='bbox 555 4484 652 4550; x_wconf 73' lang='lat' dir='ltr'>xxxi,</span> <span class='ocrx_word' id='word_1_322' title='bbox 671 4485 714 4550; x_wconf 81' lang='lat'>23,</span> <span class='ocrx_word' id='word_1_323' title='bbox 733 4486 810 4538; x_wconf 87' lang='lat' dir='ltr'>novis</span> <span class='ocrx_word' id='word_1_324' title='bbox 825 4486 983 4550; x_wconf 83' lang='lat' dir='ltr'>quibusdam</span> <span class='ocrx_word' id='word_1_325' title='bbox 997 4489 1122 4554; x_wconf 84' lang='lat' dir='ltr'>exemplis</span> <span class='ocrx_word' id='word_1_326' title='bbox 1137 4490 1271 4542; x_wconf 82' lang='lat' dir='ltr'>adstruere</span> <span class='ocrx_word' id='word_1_327' title='bbox 1284 4493 1394 4542; x_wconf 74' lang='lat' dir='ltr'>conatus</span> 
     </span>
     <span class='ocr_line' id='line_1_39' title="bbox 268 4572 791 4641; baseline 0.004 -17"><span class='ocrx_word' id='word_1_328' title='bbox 268 4589 327 4625; x_wconf 83' lang='lat' dir='ltr'>sum</span> <span class='ocrx_word' id='word_1_329' title='bbox 343 4576 370 4628; x_wconf 85' lang='lat' dir='ltr'>irr</span> <span class='ocrx_word' id='word_1_330' title='bbox 389 4576 493 4640; x_wconf 72' lang='lat' dir='ltr'>Quaeri.</span> <span class='ocrx_word' id='word_1_331' title='bbox 513 4573 579 4627; x_wconf 78' lang='lat' dir='ltr'>Plut</span> <span class='ocrx_word' id='word_1_332' title='bbox 598 4572 631 4624; x_wconf 89' lang='lat' dir='ltr'>lll</span> <span class='ocrx_word' id='word_1_333' title='bbox 650 4589 678 4641; x_wconf 83' lang='lat' dir='ltr'>p.</span> <span class='ocrx_word' id='word_1_334' title='bbox 697 4574 730 4624; x_wconf 79' lang='lat'>4³</span> <span class='ocrx_word' id='word_1_335' title='bbox 751 4587 791 4638; x_wconf 81' lang='lat' dir='ltr'>sq.</span> 
     </span>
    </p>
   </div>
   <div class='ocr_carea' id='block_1_5' title="bbox 0 0 1774 5392">
    <p class='ocr_par' dir='ltr' id='par_1_7' title="bbox 0 0 1774 5392">
     <span class='ocr_line' id='line_1_40' title="bbox 0 0 1774 5392; baseline 0 0"><span class='ocrx_word' id='word_1_336' title='bbox 0 0 1774 5392; x_wconf 95' lang='lat' dir='ltr'> </span> 
     </span>
    </p>
   </div>
  </div>
 </body>
</html>
