3534 5392
666 465 901 528 -1ii-

335 627 378 678 ssi
395 626 470 678 emens
488 625 617 679 rcs'sesdsrs
633 625 746 678 (διπλάσιά
769 627 864 690 minei,
884 635 964 688 secem,
981 622 1207 688 rumpebatur
1221 622 1274 672 ned
1290 621 1365 672 ende·

332 711 438 762 erischr
457 708 595 764 Sonista
615 711 667 762 ssd
683 710 780 762 Bdems
800 709 948 775 (Rhamma
964 707 1103 774 fronpele,
1123 706 1185 759 lise·
1197 705 1360 772 Apes'foliem,

337 794 448 853 Quom
471 798 659 863 praemiosa,
683 800 794 863 Foysss
817 797 1003 860 silvatico)
1028 793 1136 847 bedecirt.
1177 793 1216 846 [ie
1242 794 1361 846 canistris

334 893 421 953 sparto
446 890 574 940 contextis
596 888 658 942 side
682 886 831 940 Williromm
850 886 866 939 i.
886 886 903 940 i.
923 901 949 952 p.
969 885 1036 949 691,
1055 882 1222 947 Beckmeno,
1241 882 1363 947 Beitrtge

333 985 355 1023 z.
381 969 476 1024 Geseit.
503 973 529 1026 d.
549 972 601 1025 Eri.
631 971 660 1026 B.
685 971 717 1023 iii
745 971 772 1026 S.
794 973 857 1038 129,
880 974 912 1037 4,
940 970 971 1023 ii.
996 969 1182 1033 Wiskemenn‚
1208 969 1251 1019 die
1273 966 1362 1018 eotike

333 1060 572 1116 landwirthschaft
586 1067 635 1117 eie.
654 1062 742 1129 Leipz.
760 1064 825 1116 1859
844 1078 869 1130 p.
882 1064 926 1128 27,
940 1064 971 1114 d:
995 1061 1093 1112 Aneser
1104 1057 1190 1110 δείδω
1209 1059 1261 1110 send
1275 1057 1363 1108 Tacen

335 1147 430 1198 ιιιαολλσ
450 1141 507 1200 σοαπ
524 1149 555 1200 K
559 1153 648 1213 orbe,
667 1149 814 1214 Mnircaesrr,
830 1147 944 1214 Scissis,
963 1147 1061 1200 scetes
1074 1149 1122 1213 scir
1140 1145 1245 1212 Pserde,
1266 1143 1362 1194 Oetaeo

332 1237 384 1288 end
402 1237 534 1292 Manent
551 1257 599 1292 nur
616 1240 671 1292 dem
689 1238 819 1306 Sparsos.

118 1389 120 1472 ζ
229 1428 259 1479 r.
281 1425 314 1476 rs
329 1442 354 1478 v.
373 1426 389 1476 9
410 1427 443 1478 ιο
461 1425 515 1477 imo
533 1439 580 1490 pro
598 1439 624 1491 p.
644 1425 717 1476 σοι
734 1423 812 1476 scrib.
832 1437 858 1489 p.
878 1422 958 1476 rste.

118 1509 120 1601 i

234 1628 263 1682 P.
283 1628 324 1680 tit.
348 1625 474 1693 Exemplo
491 1625 596 1678 citerius
615 1624 817 1693 praepositionis
835 1625 862 1676 in
878 1626 969 1679 verbis
987 1625 1133 1690 conpositis
1151 1623 1220 1677 mele
1242 1624 1359 1677 omissae

340 1715 449 1782 preebet
468 1716 563 1769 iecobs
581 1714 680 1767 Aetion.
700 1712 726 1767 it.
746 1728 769 1766 s.
791 1711 824 1778 X,
847 1714 859 1764 1
880 1728 906 1780 p.
925 1712 986 1777 219,
1004 1713 1029 1766 9,

235 1921 313 1985 Quod
331 1922 358 1972 in
376 1920 481 1984 Queest
500 1919 568 1973 Plut.
586 1920 676 1986 portic.
696 1917 715 1968 tt
735 1934 760 1985 p.
775 1918 807 1969 19
826 1917 936 1969 deloco
955 1916 1045 1988 Symp.
1057 1915 1108 1982 Vi,
1133 1919 1163 1968 16
1182 1932 1208 1984 p.
1226 1916 1300 1970 696ο
1320 1915 1359 1970 ὅτι

330 2005 385 2074 μὲν
408 2000 442 2070 δὴ
469 2005 581 2072 πνεῦμα
605 2005 651 2068 τῆς
674 2002 760 2067 συκῆς
783 1994 896 2053 άπεισιν
923 1998 1038 2072 ἰσχυρὸν
1063 2003 1109 2053 καὶ
1132 1998 1261 2072 σφοδρὸν
1287 1998 1304 2066 ἥ
1328 2019 1361 2053 τε

335 2087 417 2159 ὄφις
433 2091 601 2164 ἐκμαρτυρεῖ
618 2093 674 2142 κτλ.
700 2089 879 2141 demonstrare
900 2094 1009 2141 conotus
1027 2103 1086 2140 sum
1108 2103 1155 2153 pro
1180 2080 1246 2154 ὄψις
1265 2089 1363 2141 substi-

333 2175 461 2226 tuendum
475 2174 557 2226 videri
570 2168 712 2246 ὄσφρησις,
730 2171 810 2224 hodie
827 2189 879 2224 non
891 2173 1003 2239 emptius
1020 2173 1158 2237 tenuerim,
1172 2187 1233 2225 cum
1244 2187 1362 2238 praeser-

334 2265 381 2312 tim
400 2263 517 2312 nescisse
538 2275 572 2312 en
589 2260 657 2312 tueri
673 2259 751 2311 iiceet
769 2259 889 2337 exemplo
906 2259 1037 2312 Theocriti
1050 2261 1069 2324 1,
1085 2259 1133 2311 119
1152 2262 1253 2327 θᾶσαι,
1272 2264 1361 2330 φίλος,

339 2345 376 2408 ὠς
392 2346 478 2402 καλὸν
499 2341 584 2415 ὅσδει,
607 2362 659 2416 quo
674 2348 707 2398 de
721 2348 782 2399 loco
796 2353 822 2399 ct
840 2349 1001 2413 quibusdem
1018 2348 1075 2400 sitis
1093 2349 1213 2402 fortassis
1233 2348 1286 2402 hue
1304 2365 1362 2426 per·

338 2438 480 2490 tinentibus
499 2436 623 2488 disseruit
641 2435 793 2489 Lobeokius
812 2437 838 2487 in
855 2435 1010 2489 Rhemetico
1027 2453 1054 2503 p.
1066 2436 1116 2489 398
1135 2443 1160 2489 ολ
1174 2438 1309 2490 Fritceohe
1329 2440 1363 2491 ed

335 2526 513 2591 Theocritum,
530 2525 571 2578 l.i.
584 2527 630 2591 qui
640 2527 775 2592 aptissime
789 2527 983 2591 provocastisd
997 2526 1079 2579 Pisut
1093 2528 1150 2578 Mii.
1160 2527 1226 2592 glor.
1238 2531 1264 2592 t,
1277 2530 1304 2593 6,
1314 2530 1363 2580 tt:

342 2610 416 2666 iisso'
427 2614 472 2682 pol
489 2615 540 2666 inm
563 2613 631 2666 hoec
654 2614 761 2678 quidem
780 2613 855 2665 videt
871 2614 932 2680 ptus
951 2629 1030 2679 quem
1048 2615 1141 2670 ocutis.
1170 2615 1232 2668 item
1252 2619 1324 2683 quod
1337 2621 1363 2670 in

336 2706 429 2755 eedem
455 2703 581 2770 particule
608 2719 633 2769 p.
651 2701 683 2752 37
707 2704 734 2753 in
757 2702 818 2754 loco
837 2701 928 2772 Symp.
950 2702 975 2767 i,
996 2703 1072 2769 16,1
1099 2719 1125 2770 p.
1145 2704 1220 2756 6282
1241 2719 1289 2771 pro
1315 2706 1364 2758 τὸν

334 2786 424 2864 χορὸν
446 2785 619 2850 διατάξας
636 2804 668 2840 cx
687 2791 817 2844 constanti
835 2795 864 2841 ut
885 2791 1011 2856 opinebsr
1027 2799 1145 2842 veterum
1162 2808 1214 2844 usu
1232 2793 1362 2859 retingen-

337 2883 399 2934 dum
413 2878 542 2935 suesisdr
550 2877 640 2954 χορὸν
652 2876 776 2947 διδάξας,
790 2896 851 2932 num
869 2886 939 2933 recte
954 2882 1060 2933 fecerim
1073 2896 1143 2934 nunc
1156 2883 1276 2949 embigo;
1294 2889 1364 2935 certe

336 2973 433 3024 eodem
450 2987 557 3037 prorsus
577 2971 658 3022 modo
678 2985 739 3023 cum
758 2971 898 3024 Piutsrcho
918 2972 1024 3024 locutus
1044 2978 1085 3024 est
1101 2972 1232 3027 conenit
1249 2988 1274 3039 p.
1288 2958 1364 3025 4530

337 3058 478 3119 (Καλλίας)
498 3055 610 3122 ἐποίησε
628 3052 678 3122 τὴν
696 3039 871 3126 καλουμένην
895 3052 1104 3129 γραμματικὴν.
1117 3058 1276 3128 τραγῳδίαν
1293 3055 1364 3112 οὕτω

337 3133 482 3206 διατάξας,
501 3152 587 3204 neque
606 3139 720 3206 dispicio
740 3154 786 3192 cur
802 3141 837 3191 ite
855 3140 909 3192 dici
926 3157 981 3192 non
997 3144 1118 3209 potuerit.

234 3350 263 3402 ln
276 3350 343 3404 Peri.
357 3349 391 3402 ΙΙΙ
405 3365 430 3417 p.
443 3352 477 3402 66
496 3351 672 3404 coniectorem
692 3352 819 3417 proposui
837 3351 871 3403 de
888 3352 949 3409 loco
967 3337 1000 3404 err
1012 3353 1102 3407 libello
1121 3354 1156 3405 rie
1169 3369 1258 3406 amore
1274 3355 1365 3422 prolis,

338 3440 382 3505 qui
400 3439 464 3491 mihi
483 3439 590 3505 quidem
611 3455 664 3491 noo
684 3445 726 3490 est
744 3438 925 3506 Plutereheus‚
944 3455 970 3506 p.
989 3440 1080 3506 196ο,
1099 3443 1146 3495 ubi
1163 3442 1263 3494 temine
1279 3448 1366 3509 pertu-

337 3528 405 3578 tiens
431 3525 526 3578 dieitur
556 3521 587 3580 τὸ
610 3525 728 3594 μ’ῖγμα
759 3526 804 3590 τῆς
829 3521 984 3594 ἀλγηδόνος
1011 3521 1084 3596 ὁμοῦ
1115 3524 1218 3598 πικρὸν
1244 3529 1290 3578 καλ
1316 3523 1364 3586 ὀξὺ

337 3610 493 3686 γενόμενον
504 3615 535 3667 ἐν
554 3618 609 3673 τοῖς
626 3609 797 3684 σπλάγχνοις
816 3613 926 3682 ἔχουσα.
959 3613 1052 3666 Mirum
1070 3629 1133 3666 senc
1149 3615 1255 3668 dicendi
1271 3630 1365 3682 mnus,

338 3709 501 3755 nontamen
526 3706 555 3754 ut
577 3716 624 3769 pro
644 3704 765 3767 corrupto
789 3699 941 3754 habendum
967 3701 1014 3764 sit,
1040 3700 1145 3752 simodo
1167 3705 1262 3770 μῖγμα
1287 3700 1366 3752 editui

340 3807 421 3845 sensu
444 3791 544 3842 dietum
571 3795 688 3843 sumatur
712 3802 764 3854 quo
789 3790 899 3843 verbum
919 3795 1041 3860 μλγνομι
1065 3795 1091 3842 et
1116 3793 1274 3858 μίγνυσθαι
1297 3792 1368 3857 epud

340 3879 484 3931 Homerum
508 3878 629 3944 aliosque
651 3883 743 3944 poetes
769 3877 804 3928 de
828 3877 1017 3942 proeliantibus
1040 3883 1186 3942 usurpetur.
1228 3873 1366 3943 cooperari

339 3971 427 4032 potest
442 3964 567 4018 Ps-Plut.
585 3963 619 4015 de
636 3964 694 4018 tort.
708 3963 781 4016 Alex.
799 3979 825 4034 p.
838 3964 925 4029 3441,
943 3965 989 4016 ubi
1008 3963 1153 4015 Alexander
1173 3964 1245 4030 gravi
1261 3963 1369 4016 vulnere

340 4053 462 4106 edssictus
482 4053 577 4105 dicitur
593 4048 642 4106 τὸν
659 4047 786 4122 πόλεμον
804 4052 833 4105 ἐν
852 4057 908 4111 τοῖς
925 4047 1097 4121 σπλάγχνοις
1114 4052 1193 4121 ἔχων.
1213 4051 1271 4104 tion
1291 4051 1369 4106 dissi-

341 4141 403 4193 mile
422 4147 463 4193 est
480 4141 569 4194 ioenn.
586 4139 676 4211 Chrys.
690 4142 723 4192 nd
743 4141 797 4195 vtd.
816 4143 870 4195 iun.
889 4156 915 4207 p.
930 4141 989 4206 196,
1008 4141 1041 4192 43
1060 4143 1107 4208 τοῖς
1123 4137 1223 4208 ὀδύνης
1239 4144 1368 4215 σφοδρο-

341 4227 423 4297 τέραν
446 4221 496 4290 τὴν
518 4219 612 4293 φλόγα
630 4219 818 4298 ἐργάσασθαι,
847 4226 944 4290 quibus
965 4226 1071 4277 contero
1089 4225 1184 4279 Achiii.
1205 4227 1261 4279 'iet
1282 4227 1367 4293 1v‚r

341 4330 368 4381 p.
392 4314 456 4378 116,
479 4312 535 4368 3Η.
556 4313 603 4366 ἐπὶ
621 4310 746 4385 πόλεμον
770 4317 821 4368 νῦν
842 4310 1020 4386 ἔξελεάσομαι
1037 4311 1195 4384 βουκόλων·
1212 4318 1295 4372 ἔνδον
1311 4337 1369 4388 μου

339 4407 385 4471 τῆς
402 4404 494 4473 ψυχῆς
512 4396 594 4463 άλλος
612 4402 742 4476 πόλεμος,
762 4411 788 4457 et
804 4403 894 4458 ioenn.
914 4403 1048 4476 Chrysost.
1065 4422 1091 4474 p.
1112 4407 1176 4474 336,
1194 4410 1228 4460 49
1246 4402 1369 4480 πόλεμος

340 4491 396 4542 ταῖν
420 4490 523 4542 ποδοῖν
546 4490 592 4542 καὶ
614 4487 723 4560 χειμών
747 4486 865 4558 κάθηται
890 4491 946 4544 wir
970 4487 1083 4546 άιάπων
1106 4496 1278 4564 λογισμῶνς,
1295 4494 1368 4545 simi·

339 4570 398 4624 liter
416 4568 471 4648 ὑπὸ
484 4568 569 4628 νάσου
588 4577 801 4650 πολιορκεῖσθαι
819 4575 883 4629 dixit
895 4574 987 4632 isidor.
1006 4576 1094 4632 Peius.
1114 4578 1160 4645 IV,
1182 4580 1231 4633 118
1247 4595 1274 4648 p.
1294 4581 1369 4635 1196
