3534 5392
796 445 1010 508 ..40-

343 611 556 696 damsublegi,
568 633 632 677 non
643 610 750 678 defore
760 611 870 689 sciens,
882 611 937 695 qui
948 611 1006 677 has
1016 610 1185 676 barbariae
1197 608 1375 695 ingruentis
1385 607 1467 692 quis-

343 718 466 802 quibas,
481 723 592 800 utpote
609 717 725 782 nullius
743 737 873 799 prorsus
891 717 985 783 hodie
1008 717 1128 799 publici
1147 717 1276 798 saporis,
1298 716 1365 781 risu
1378 713 1471 780 cavil-

342 822 457 888 lentur.
472 860 515 870 --
537 821 577 886 In
591 821 761 904 propatulo
783 827 832 886 est
852 826 959 887 autem
979 826 1198 904 portentosum
1217 820 1298 885 illud
1315 812 1388 900 cdxi
1409 838 1473 882 non

343 930 503 1014 peperisse
522 952 619 1014 quam
636 931 754 995 totiens
773 951 974 997 exsecramur
1003 931 1135 997 alicuius
1157 931 1280 997 scribae
1301 929 1468 1016 neglegen-

344 1030 436 1108 tiam,
467 1029 522 1094 sed
550 1050 632 1112 quae
661 1028 696 1092 in
717 1029 889 1112 archetypo
917 1029 1001 1113 quod
1023 1029 1133 1094 dicunt
1164 1029 1306 1096 obscmis
1329 1025 1495 1093 ductibus

344 1134 475 1195 exarata
495 1129 545 1194 vel
560 1129 623 1195 situ
639 1148 768 1211 prorsus
787 1128 972 1194 oblitterata
987 1134 1098 1207 essent
1121 1129 1312 1196 emendandi
1333 1128 1383 1195 vel
1401 1147 1474 1210 sup-

345 1233 455 1318 plendi
468 1234 653 1302 lubidinem.
683 1235 770 1312 Quae
785 1235 964 1301 observatio
978 1241 1011 1302 et
1023 1236 1102 1302 alias
1116 1237 1267 1319 ‘perutilis
1282 1257 1349 1302 esse
1371 1239 1477 1318 potest

346 1338 388 1404 ad
402 1339 546 1404 criticam
564 1338 650 1421 apud
662 1338 867 1405 Plutarchum
887 1338 1105 1407 factitandam.
1144 1341 1213 1405 Hoc
1235 1359 1333 1405 unum
1353 1339 1476 1418 addam

346 1444 381 1508 in
406 1444 575 1526 postremis
608 1443 713 1509 verbis
745 1440 804 1508 ἐπὶ
840 1439 1019 1520 συνουσίας
1050 1441 1158 1532 πρὸς
1187 1447 1343 1528 γυναῖκας
1375 1442 1477 1526 magis

346 1549 479 1614 fortasse
508 1571 548 1614 ex
573 1534 714 1614 aliorum
736 1547 927 1629 scriptorum
955 1569 1014 1612 usu
1046 1547 1188 1630 (heliod.
1218 1547 1249 1625 I,
1282 1553 1318 1614 15
1346 1546 1474 1612 LucIan

348 1654 422 1721 dial.
449 1658 575 1720 meretr.
605 1660 695 1731 10,1
731 1653 829 1736 Long.
852 1657 885 1730 3,
913 1656 954 1719 25
984 1673 1065 1735 quae
1094 1652 1253 1737 congessit
1279 1651 1372 1718 docta
1400 1651 1471 1716 dili-

347 1760 456 1844 gentia
476 1759 631 1824 Hercheri
662 1758 704 1823 ad
727 1757 834 1839 Steph
857 1757 947 1822 Thes.
978 1779 1001 1822 s,
1023 1780 1050 1823 v.
1077 1759 1219 1845 φοιτᾶν)
1250 1758 1347 1825 scribi
1376 1757 1477 1822 videri

247 1851 252 1860 ⁸
348 1861 463 1952 παρὰ
482 1865 653 1948 γυναῖκας,
685 1883 757 1927 cum
777 1862 967 1945 praesertim
988 1861 1176 1927 Plutarchus
1204 1861 1239 1924 in
1259 1861 1328 1927 loco
1350 1861 1476 1946 gemino

349 1970 452 2055 Symp.
475 1968 554 2047 VII,
578 1971 612 2046 8,
633 1973 652 2034 3
675 1973 736 2034 712
759 1990 776 2032 c
811 1963 875 2046 ἔχει
906 1963 1021 2032 δὲκαὶ
1049 1964 1092 2031 τὰ
1114 1961 1256 2054 ἐριστικὰ
1282 1960 1362 2054 παρ’
1387 1957 1476 2051 αὐτῷ

349 2069 577 2161 (Μενάνδρῳ)
599 2069 717 2159 καιρὸν
740 2065 934 2137 πεπωκόσιν
957 2065 1170 2157 ἀνθρώποις,
1195 2067 1252 2134 καὶ
1275 2063 1470 2134 ᾶναπαυσσ-

350 2173 465 2255 μένοις
482 2169 567 2255 μετὰ
586 2169 706 2258 μικρὸν
727 2163 868 2235 ἀπιοῦσι
891 2167 1008 2256 παρὰ
1029 2167 1089 2246 τὰς
1111 2164 1237 2236 ἑαυτῶν
1260 2173 1416 2256 γυναῖκας
1436 2168 1475 2236 de

349 2273 460 2339 eadem
486 2271 714 2338 cousuetudine
746 2291 882 2335 venerea
910 2270 1098 2351 praetulerit
1126 2270 1258 2358 παρά,
1289 2275 1326 2336 ut
1354 2272 1388 2335 in
1409 2273 1475 2338 vita

348 2378 436 2444 Alex.
456 2382 474 2443 2
495 2378 617 2463 φοιτᾶν
639 2369 720 2464 παρ’
740 2369 840 2463 αὐτὴν
861 2367 1148 2458 ἀναπαυσόμενος.
1189 2377 1347 2443 Videntur
1367 2383 1474 2444 tamen

234 2573 238 2579 1
349 2483 506 2549 citerioris
528 2481 598 2549 aevi
612 2481 782 2564 scriptores
794 2481 829 2546 in
842 2483 904 2548 hoc
916 2483 1161 2564 praepositionis
1185 2483 1279 2571 παρά
1293 2506 1353 2550 usu
1374 2485 1472 2570 (vere-

349 2589 572 2654 cundioremne
586 2591 735 2670 putamus
750 2589 861 2670 essct),
883 2606 978 2670 quem
993 2587 1155 2670 antiquior
1177 2591 1264 2652 aetas
1279 2589 1475 2654 ambitiosius

349 2695 483 2761 fortasse
509 2693 642 2760 curabat
665 2691 737 2774 (cfr.
759 2691 893 2758 Siebelis
923 2690 964 2756 ad
986 2691 1077 2758 Paus.
1100 2692 1148 2770 II,
1174 2697 1226 2772 lo,
1249 2697 1269 2758 4
1300 2686 1406 2760 Baehr
1433 2693 1475 2759 ad

348 2798 465 2865 Herod.
488 2796 535 2874 Π,
561 2804 630 2863 111.
657 2803 715 2861 115
748 2795 780 2860 Τ.
804 2795 829 2860 Ι.
851 2794 1074 2874 Halbertsma,
1099 2795 1217 2862 iniuria
1238 2796 1371 2864 fortasse
1392 2798 1477 2864 hanc

349 2899 447 2964 etiam
474 2895 685 2962 constantiam
713 2894 885 2962 obtrudens
907 2895 1036 2978 Lysiae,
1066 2896 1180 2963 Adnot.
1211 2898 1280 2964 crit
1308 2898 1342 2963 in
1363 2899 1476 2984 Lysiae

349 3006 427 3068 orat.
460 3001 611 3066 Mnemos.
636 3002 717 3065 1862
729 3008 768 3081 p.
791 2996 873 3082 207)
893 3019 957 3063 non
978 2998 1058 3064 adeo
1079 3000 1141 3065 sibi
1163 3001 1355 3080 constitisse,
1373 3007 1410 3066 ut
1428 3003 1472 3068 al-

348 3112 453 3173 terum
477 3125 607 3188 prorsus
636 3125 700 3168 non
727 3101 890 3168 admisisse
921 3103 1071 3168 censendi
1098 3104 1177 3183 sint,
1213 3105 1368 3190 siquidem
1392 3106 1472 3171 Plut

347 3210 426 3275 Mor.
448 3230 478 3291 p.
501 3213 571 3275 ssa
591 3207 652 3274 sibi
672 3208 740 3273 sine
763 3207 973 3273 haesitatione
995 3209 1185 3274 concesserit
1207 3205 1319 3297 κούφα
1344 3212 1470 3297 φοιτῶν

349 3311 436 3396 πρὸς
466 3304 567 3396 αὐτήν
595 3315 629 3376 et
649 3310 727 3376 Fab.
749 3310 832 3376 Man
854 3315 896 3376 20
924 3310 1056 3399 μακρὰς
1084 3304 1183 3390 cidaris
1212 3307 1377 3383 ἑκάστοτε,
1392 3339 1472 3403 φοι-

347 3420 457 3482 τῶντα
481 3416 567 3505 πρὸς
589 3413 715 3504 ἐκείνην
737 3409 807 3480 ἀπὸ
829 3417 891 3480 τοῦ
912 3416 1144 3504 στρατοπέδου
1171 3423 1204 3483 et
1230 3417 1344 3485 Anton.
1366 3426 1406 3487 25
1436 3421 1476 3488 de

352 3509 521 3608 Cleopatra
542 3523 583 3589 ad
597 3523 772 3589 Antonium
793 3523 941 3589 amatorii
963 3525 1143 3592 commercii
1165 3547 1259 3592 causa
1281 3532 1474 3594 commeante

349 3625 435 3715 πρὸς
455 3628 574 3692 τοῦτον
597 3621 714 3709 ἔμελλε
737 3623 920 3712 φοιτήσειν,
943 3625 1077 3711 Gorgias
1098 3621 1377 3718 ὁπορνογρᾶφος,
1392 3631 1475 3715 apud

330 3729 461 3807 ,Athen
477 3729 559 3795 XIII
574 3751 603 3813 p.
618 3730 704 3798 59ss
720 3730 798 3796 item
819 3730 861 3794 de
872 3730 1074 3796 meretricula
1099 3728 1158 3797 δύο
1178 3731 1331 3820 δραχιιῶν
1353 3735 1475 3821 φοιτᾶν

348 3831 434 3921 πρὸς
455 3832 512 3899 τὸν
525 3831 739 3916 βουλόμενον,
759 3834 873 3899 Anton.
892 3835 1027 3901 Liberal.
1046 3841 1085 3904 34
1117 3834 1251 3926 Σμύρνα
1275 3831 1320 3917 ὥς
1347 3835 1473 3918 ἐξίκετο

348 3934 433 4025 πρὸς
466 3933 583 4018 αὐτόν,
623 3936 816 4022 quamquam
846 3960 870 4003 c.
899 3945 917 4004 5
947 3944 1190 4022 praeoptaverat
1226 3945 1348 4028 φοιτᾶν
1379 3940 1473 4031 παρὰ

354 4037 544 4129 Τιμᾶνᾶρην
558 4047 592 4107 et
605 4048 678 4109 cll
694 4037 834 4107 εἰσιέναι
851 4040 945 4131 παρὰ
958 4043 1016 4132 τὴν
1032 4042 1227 4133 Πασιφάην.
1263 4045 1384 4114 Eodem
1401 4069 1473 4130 per-

345 4143 429 4210 tinet
448 4144 537 4211 loous
557 4145 642 4228 apud
664 4145 803 4228 Alciphr.
826 4146 850 4226 I,
873 4152 929 4226 37,
950 4153 968 4215 3
992 4141 1052 4214 κᾶν
1073 4143 1160 4236 ἐᾶθῃ
1184 4145 1268 4238 πρὸς
1290 4144 1375 4238 ἡμᾶς
1398 4175 1470 4218 κοι-

345 4241 591 4332 acorrima.
625 4249 677 4314 Ita
697 4250 796 4315 etiam
807 4250 956 4318 Parthen.
975 4258 1052 4332 17,ss
1073 4254 1237 4336 usurpavit
1260 4250 1473 4344 εἰσέρχοσθαι

348 4347 443 4439 παρὰ
464 4349 524 4416 τὸν
551 4352 676 4431 παῖδα,
709 4374 901 4440 quamquam
921 4356 1008 4422 idem
1036 4356 1072 4420 in
1100 4355 1211 4422 eadem
1237 4357 1354 4441 vicima
1378 4359 1474 4426 simili

345 4452 574 4537 significatione
589 4457 742 4536 praetulit
757 4462 879 4546 φοιτᾶν
895 4457 981 4549 πρὸς
996 4457 1053 4525 τὸν
1071 4459 1195 4540 παῖδα,
1213 4482 1316 4548 neque
1333 4464 1360 4529 si
1376 4485 1471 4548 quae-

343 4555 388 4622 ris
410 4578 467 4623 cur
486 4558 533 4626 ita
546 4558 669 4641 fecerit,
692 4561 780 4630 abud
798 4561 992 4650 respondere
1013 4563 1096 4643 licet
1115 4563 1178 4632 nisi
1197 4566 1281 4652 quod
1294 4567 1478 4657 elegantiae
